2812 4864
285 407 348 480 elo
566 402 790 480 ,Rettusvnl
818 399 1022 476 euticius.
1125 451 1129 462 .

290 599 351 668 tur
378 597 491 688 etque
521 603 566 660 ex
599 596 856 680 tempestatum¹
880 581 1126 672 vicissitudine
1153 593 1207 653 ‚et'
1224 581 1310 662 aeris

288 715 462 806 temperie
490 711 654 780 mutabili
681 709 922 779 catarrhorum
943 719 981 778 et
998 708 1224 812 rheumatum
1247 706 1309 790 ¹for·

286 860 347 908 ma
373 835 565 928 prodeant,
590 831 825 906 subveniente
856 835 978 906 renisu
1007 831 1134 904 febrili.
1183 831 1308 903 Versus

285 959 472 1031 meridiem
496 958 598 1028 elimo
621 955 745 1028 mitius
761 957 947 1052 morbique
966 955 1149 1048 regionum
1171 953 1307 1025 calidio-

284 1107 375 1157 rum.
408 1082 481 1154 Ver
505 1080 638 1160 minus,
662 1103 768 1174 quam
787 1092 979 1151 autumnus
999 1081 1199 1174 graviorum
1220 1100 1307 1147 mor·
1382 1069 1383 1140 l

284 1205 411 1278 borum
433 1199 528 1275 ferax
549 1204 749 1298 antiquitus
776 1198 996 1274 habebatur}
1019 1203 1107 1274 lieet
1125 1227 1169 1274 ex
1196 1201 1308 1272 obser·

283 1328 488 1402 sationibus
520 1338 681 1397 veterum
710 1349 918 1399 numerosae
944 1329 982 1398 in
1009 1326 1161 1401 Graecia
1187 1325 1308 1418 hujus·

282 1436 355 1546 que
375 1451 500 1524 insulis
520 1455 557 1520 e't
576 1459 825 1542 tempestatum
844 1452 928 1523 unni
948 1463 1202 1524 strenuorum
1218 1472 1307 1520 mor·

281 1577 408 1650 borum
430 1573 625 1646 anomaliae
649 1572 839 1644 adnotatae
855 1575 1089 1666 reperiantur.
1202 1615 1205 1620 ·
1298 1589 1302 1594 '

339 1701 527 1773 Caeterum
551 1697 716 1789 Europae
747 1697 986 1767 meridionalis
1026 1697 1305 1771 calidissimam
1383 1671 1384 1692 ἢ

281 1825 380 1918 regio
408 1835 480 1902 eet.
516 1844 610 1915 quoe
645 1819 793 1893 Africae
822 1819 1019 1892 fervoribus
1057 1821 1201 1915 objecta
1235 1835 1302 1891 est:

278 1949 500 2041 meximeque
524 1944 608 2014 anni
635 1955 834 2036 temporum
866 1943 1054 2014 diversitas
1086 1945 1124 2015 in
1156 1944 1304 2019 Graecia

277 2071 443 2143 orientali
465 2079 503 2138 et
521 2068 669 2161 planitie
693 2067 884 2158 Hispaniae
905 2079 1060 2138 notatur.

335 2193 510 2266 Montium
541 2192 640 2285 ju'gis
667 2189 809 2283 Europe
838 2189 1078 2260 meridionalis
1107 2204 1303 2286 neptem·

275 2315 419 2387 trionali
447 2316 666 2392 secernitur,
691 2332 784 2407 quae
807 2313 871 2383 ubi
894 2312 1017 2394 hiant,
1040 2313 1202 2407 ingentes
1233 2339 1305 2386 sae·

274 2447 469 2534 penumer‘o
488 2415 865 2528 saeviunt'proeellae.
891 2448 930 2506 et
947 2437 1108 2531 agricolis
1127 2449 1165 2507 et
1185 2442 1304 2512 nautis

272 2561 419 2634 invisae.
451 2559 561 2630 Clima
581 2559 745 2652 Europae
764 2559 1061 2651 septemtrionalis
1081 2571 1118 2632 et
1138 2565 1303 2634 meridio-

272 2687 363 2758 nalis
391 2685 517 2780 hyeme
545 2673 674 2775 magis,
699 2706 806 2777 quam
832 2692 967 2752 aestate
995 2680 1119 2758 differt
1144 2697 1182 2758 et
1209 2687 1301 2759 redi·

271 2809 433 2881 iusseris
450 2809 487 2878 in
505 2807 758 2901 septemtrione
777 2789 946 2900 majorem
960 2805 1078 2882 adfert
1096 2809 1218 2881 vultus
1238 2835 1303 2882 na.

271 2943 373 3004 turae
397 2933 639 3003 mutationem.
686 2914 838 3004 'Pluviae
866 2931 1079 3024 copiosiores
1109 2933 1154 3003 ad
1187 2933 1302 3009 latera
1385 2939 1386 2942 ’

269 3057 468 3136 montium,
492 3053 538 3126 ad
558 3055 681 3124 littore
710 3054 816 3123 marie
840 3054 949 3146 inque
971 3054 1113 3125 elimate
1133 3056 1306 3130 insularis

267 3199 392 3252 versus
422 3177 606 3249 meridiem
639 3167 802 3271 inprimis
834 3175 1034 3271 hybernaer
1069 3177 1123 3249 ibi
1157 3183 1302 3254 coelum

265 3301 379 3393 magis
406 3324 569 3373 serenum
605 3313 642 3372 et
673 3297 904 3396 quotidianae
928 3313 1123 3373 uentorum
1159 3307 1302 3377 mariti-

264 3445 403 3497 morum
425 3438 463 3497 et
482 3425 775 3498 continentalimn
795 3425 892 3496 vices
908 3437 946 3494 et
968 3426 1095 3496 laetior
1115 3429 1300 3519 ‘vegetatio

263 3547 501 3654 uberiorque,
524 3559 572 3620 ‘et
599 3547 717 3619 rietus
753 3550 863 3640 magis
897 3549 1105 3640 vegetabilis
1132 3563 1170 3620 et
1198 3553 1299 3624 color

263 3672 358 3741 cutis
376 3650 584 3765 profundior
603 3683 641 3742 et
651 3671 765 3765 major
783 3671 983 3745 morborum
997 3672 1196 3754 febrilium,
1216 3677 1298 3768 gasss

155 3849 157 3857 r
260 3793 432 3864 tricorum
453 3805 669 3889 proventus3
694 3795 780 3864 dum
810 3796 924 3866 morbi
945 3796 1099 3889 pectoris
1122 3807 1163 3867 et
1181 3797 1296 3870 rheu·

260 3927 357 3986 matu
382 3929 420 3988 et
441 3917 647 3990 arthritidee
669 3920 1012 4014 septemtrionalium
1029 3921 1213 4018 regionum
1237 3923 1313 3996 in·-

259 4037 346 4110 oolis
372 4038 576 4130 crebriores.
