2900 4874
504 662 808 700 mm

323 847 473 911 notter
509 847 734 911 cultorum
763 849 1000 915 VETERUM.

193 1091 312 1183 Quom
345 1085 465 1158 schola
494 1085 565 1158 Coa
600 1089 713 1183 primo
744 1091 823 1162 loco
854 1090 1085 1164 collocaverat
1115 1093 1170 1166 l'e·

140 1215 265 1297 brem,
290 1235 368 1284 eam
397 1209 756 1284 studium-anatomes
786 1215 879 1285 inter
910 1227 1050 1288 veteres
1072 1242 1172 1291 exor-

142 1355 223 1414 tum
252 1340 323 1409 hoc
348 1349 527 1429 tamquam
549 1336 751 1430 principatu
777 1338 973 1413 orbaverat.
1023 1341 1170 1434 Signum

142 1462 340 1536 sustulerat
372 1457 511 1553 pridem
543 1459 693 1530 Dloctne
726 1458 938 1547 cinnum,
968 1467 1051 1560 qui,
1082 1469 1169 1564 quia

142 1583 310 1656 succedit
329 1582 469 1653 vulneri
491 1594 528 1653 et
543 1580 695 1663 buboni,
721 1581 858 1655 febrem
879 1585 993 1659 morbi
1012 1583 1166 1684 i‘rreyrmpa

143 1705 370 1799 nuncuparit
401 1703 493 1796 (Lib.
520 1707 562 1776 dc
587 1705 687 1776 Her.
717 1703 813 1778 Med.
845 1731 880 1803 p.
902 1706 974 1806 46.)
1007 1725 1045 1784 et
1071 1715 1166 1791 laeta

142 1832 242 1902 inter
268 1831 360 1902 vires
389 1842 428 1902 et
454 1828 636 1900 materiam
664 1830 893 1903 distinctione
927 1834 1101 1909 theoriam
1129 1851 1167 1914 et

138 1953 270 2049 praxin
296 1953 515 2055 bumorelem
540 1951 709 2024 limitavit
741 1949 851 2043 (ibid.
874 1977 908 2049 p.
930 1955 1002 2054 47.)
1049 1963 1167 2058 Hujus

142 2076 342 2170 discipulus
355 2075 567 2148 Cnarsrnrus
581 2075 722 2148 Curuios
744 2100 869 2150 renem
888 2104 1006 2156 secare
1027 2098 1063 2158 et
1081 2113 1166 2183 pur.

136 2200 264 2295 gantia
290 2199 375 2271 dare
396 2200 513 2296 vetuit
537 2197 584 2293 (p.
600 2195 672 2294 49.)
697 2199 939 2276 etCnnxsrar1
968 2208 1164 2306 discipulus
1215 2270 1217 2275 ,

136 2325 404 2396 Ennmsmnxus
435 2325 569 2419 pariter
596 2336 634 2396 et
666 2327 971 2399 venaesectionem
1000 2336 1164 2426 reproba-

136 2449 201 2520 vit
218 2460 256 2518 et
278 2445 455 2518 catharsin
479 2445 526 2542 (p.
546 2447 618 2542 52.)
642 2447 796 2518 inediam
822 2473 906 2522 vero
934 2454 1163 2556 strictamque

134 2573 299 2644 diaetam
334 2571 603 2643 commendarit.
657 2572 847 2642 Praetereo
885 2573 1083 2650 doctrinam
1114 2583 1161 2656 de

135 2705 334 2792 pneumate
357 2693 522 2767 adhibuit
546 2695 760 2767 valetudinis
779 2698 955 2769 secundae
974 2702 1160 2779 adversae·

134 2843 213 2914 que
245 2818 477 2912 interpretem
502 2816 515 2909 (
523 2843 557 2913 p.
578 2819 622 2890 51
648 2843 699 2912 sq.
722 2819 806 2912 1,1.)
830 2831 867 2890 et
889 2844 953 2913 per
982 2838 1162 2904 anatomes

135 2942 279 3014 cxxltum
297 2943 334 3012 in
352 2953 471 3037 partes
490 2943 617 3014 solidas
634 2943 813 3036 organicas
830 2945 1047 3020 medicorum
1061 2973 1160 3026 men·

131 3077 195 3138 tes
223 3067 407 3139 convertit.

192 3193 298 3263 Juxta
328 3189 421 3259 hanc
451 3189 683 3283 dogmaticam
715 3190 944 3272 medicinam,
979 3207 1161 3272 anatomes

135 3314 261 3389 studio
292 3313 442 3384 mirifice
477 3325 616 3383 auctam
650 3325 687 3386 et
723 3315 989 3408 amplificatam,
1026 3321 1164 3398 exstitit

134 3437 375 3510 Alexandriae
394 3434 514 3506 schole
536 3437 722 3529 empirica,
742 3461 835 3531 quae
861 3440 1024 3513 materiei
1048 3447 1163 3520 medi·
1269 3453 1272 3461 “

134 3582 203 3632 cao
231 3559 442 3630 excolendae
472 3561 699 3652 potissimam„
718 3563 864 3634 navavit
892 3585 1045 3658 operam.
1092 3572 1162 3670 Ab

131 3706 210 3779 que
238 3682 295 3754 his
329 3683 473 3777 quidem
505 3684 632 3754 studiis
662 3695 699 3756 et
731 3686 912 3759 laboribus
940 3690 984 3760 ad
1021 3693 1161 3768 morbos
1200 3783 1203 3788 Α

134 3805 325 3876 chronicon
355 3807 613 3899 cognoscendos
646 3808 890 3904 curandosque
914 3812 1030 3885 aditus
1057 3827 1160 3910 pate·
1218 3911 1222 3918 ι

132 3929 252 4000 factus
282 3940 346 3999 est.
398 3933 529 4001 Horum
559 3930 702 4023 plurimi
734 3956 776 4003 ex
804 3932 990 4006 abdomine
1018 3939 1160 4014 oriundi

128 4050 405 4148 purgationibus
424 4057 538 4126 curari
553 4053 731 4127 solebant:
756 4056 878 4151 qnnles
890 4055 990 4131 luere
1008 4060 1159 4144 icterus,
