2872 4870
254 401 314 475 tro
375 493 377 498 Ι
550 403 738 468 rnrrrs
777 401 984 466 uucoss.

256 589 353 664 muci
370 584 408 656 in
421 583 619 658 ventriculo
638 595 677 654 et
699 581 877 654 intestinis
894 582 1065 674 secretio,
1089 586 1164 660 sire
1181 588 1287 660 bleni

257 709 433 790 norrhcea
464 710 614 802 gastrica
644 708 880 792 intestinalis,
917 709 976 779 cui
1003 706 1034 778 si
1062 710 1209 781 accedat
1233 711 1289 782 le·

256 825 352 916 bris,
370 832 463 903 baec
480 832 533 902 ab
544 833 689 904 horrore
707 842 745 903 et
761 831 891 922 frigore
910 831 1056 924 incipit,
1076 832 1214 924 junctis
1231 835 1292 906 in·

257 939 401 1036 tardum
419 978 550 1028 nausea
570 967 610 1026 et
631 957 768 1028 vomitu
787 965 991 1050 spontaneo.
1039 956 1287 1030 Enseerbstio-

256 1085 341 1158 bem
365 1061 603 1176 rbipcrtinam·
618 1081 780 1175 sequitur
797 1101 861 1173 per
883 1090 1026 1152 noctem
1053 1092 1174 1152 aestus
1199 1083 1290 1155 r'ali·

258 1210 342 1291 dus,
364 1204 486 1298 {rigori
503 1187 706 1298 praegresso
724 1202 1036 1295 proportionatae,
1050 1205 1132 1275 cum
1145 1204 1289 1279 intensa

259 1333 320 1405 'siti
334 1327 523 1422 'etcapitis
554 1325 694 1406 dolore,
719 1324 942 1418 potissimum
971 1324 1165 1422 synnipitis.
1209 1329 1290 1401 Ad.

259 1452 422 1550 petentla
447 1450 561 1531 laesa,
593 1459 788 1544 perpetuus
816 1447 983 1522 vomendi
1014 1461 1179 1534 conatus,
1204 1475 1288 1524 cum

258 1579 339 1652 alro
369 1562 509 1654 clausa,
539 1573 646 1644 tussia
674 1571 908 1643 abdominalis
928 1572 1093 1667 spastica.
1120 1576 1292 1670 'Sanguis

259 1699 308 1774 de
335 1707 428 1773 'rena
456 1693 601 1776 missus,
624 1696 726 1778 alba,
748 1693 807 1767 val
836 1697 999 1768 caerulea
1022 1705 1060 1766 et
1075 1699 1293 1794 semipellu·

258 1822 342 1898 eida
372 1807 492 1892 crusta
511 1819 655 1912 tegitur.
690 1818 868 1895 ¹lactatur
896 1841 1044 1914 eorpus,
1076 1820 1292 1895 minuuntur

259 1947 375 2026 vires.
399 1940 550 2013 labascit
572 1965 672 2012 mens
699 1941 876 2036 depressa.
925 1943 1017 2020 Aliis
1037 1945 1292 2030 somnolentia,

238 2068 342 2146 ‚aliis
372 2062 550 2137 delirium.
599 2063 646 2136 In
669 2065 748 2138 aliis
770 2065 902 2148 sudor,
936 2067 986 2137 in-
999 2067 1077 2139 aliis
1102 2067 1292 2141 diarrhoea

259 2210 422 2271 mucosa,
446 2199 614 2270 cruenta,
648 2187 793 2272 biliosa,
828 2191 1007 2265 interdum
1036 2194 1202 2275 tenesmi,
1227 2192 1295 2264 do-

260 2316 373 2396 lores,
406 2312 446 2382 in
469 2312 614 2406 regione
643 2312 712 2384 coli
741 2316 943 2386 transversi.
1001 2315 1094 2388 Satis
1125 2327 1292 2388 constans

263 2444 460 2534 symptoma
480 2446 536 2506 cst
550 2437 743 2506 excoriatio
765 2437 835 2509 oris
854 2437 986 2526 interni
1007 2437 1192 2533 apbthosa.
1240 2439 1295 2512 Os

264 2583 347 2636 cum
369 2557 533 2630 saucibus
552 2579 678 2649 magna
695 2562 792 2632 muci
811 2563 913 2656 copia
930 2573 1199 2657 conspurcatum
1216 2576 1293 2648 est,

262 2679 479 2777 submajori
496 2678 604 2752 febris
626 2691 728 2753 aestu
747 2684 892 2759 siccum.
939 2686 1050 2780 sopor
1072 2686 1145 2757 011,
1166 2687 1296 2782 dem,
1329 2681 1332 2698 ·
1434 2751 1435 2792 3

261 2818 387 2890 ratae·
426 2806 562 2900 Lingua
590 2803 773 2888 subsicca,
796 2807 948 2901 pallida,
973 2809 1055 2880 alba
1082 2810 1291 2908 splendens,

262 2952 370 3009 muco
390 2950 531 3008 crasso,
554 2925 654 3010 albo,
675 2929 842 3022 squalido
868 2931 1042 3014 obducta,
1067 2936 1113 3002 ad
1134 2934 1292 3006 radicem

176 3091 179 3096 ·
260 3053 371 3138 flava,
387 3130 390 3140 ,
407 3049 598 3131 subfusca,
631 3051 741 3124 limbo
772 3064 810 3124 et
839 3055 939 3149 apice
967 3056 1199 3150 utplurimum
1230 3081 1296 3128 ru-

264 3177 360 3252 bris:
393 3172 498 3260 urina
521 3171 635 3258 flare,
669 3174 801 3258 rubra,
836 3200 973 3262 crassa,
1007 3179 1091 3264 inde
1124 3180 1292 3265 turbida,
1337 3275 1340 3282 Ι

263 3324 347 3394 cum
361 3299 559 3390 sedimento
577 3319 731 3394 mucoso.
778 3302 906 3374 Pulsus
927 3303 1063 3385 rarius,
1083 3327 1187 3399 aegre
1203 3303 1294 3394 defi,-

263 3423 428 3504 uieudus.
477 3421 592 3496 Crises
619 3421 754 3505 variae,
779 3423 1027 3518 imperfectae,
1060 3450 1124 3524 per
1146 3426 1295 3530 sudores
1433 3481 1434 3524 ,

263 3571 348 3631 cum
367 3546 501 3644 pedum
518 3542 721 3640 oedemate,
746 3569 810 3640 per
831 3548 1022 3642 uomitum,
1046 3577 1111 3646 per
1129 3553 1294 3645 urinam,

263 3695 348 3758 cum
374 3669 572 3745 sedimento
602 3665 701 3750 albo,
733 3669 825 3752 leri,
850 3671 1089 3757 sublateritic,
1113 3699 1178 3770 per
1202 3648 1295 3772 sphi

259 3795 362 3884 thos,
386 3813 472 3888 pum
498 3789 730 3884 gingiuarum¹
745 3804 908 3898 tumore,
942 3820 1004 3890 por
1033 3798 1218 3892 herpotem
1239 3800 1296 3892 lay

261 3918 410 3998 bialem,
443 3937 506 4010 per
533 3915 715 4009 pustulas,
749 3927 812 3988 sut
839 3919 1086 3994 exanthemata
1116 3945 1295 4022 purpuraf

264 4063 351 4146 oea,
383 4059 447 4137 par
469 4037 692 4114 diarrhoeam
717 4063 915 4148 mucorem,
939 4067 1003 4142 per
1024 4046 1295 4142 anacatharsin,
