2812 4864
291 393 352 462 ’284
481 399 662 480 obtentu
683 401 733 461 DE
757 401 898 466 notata
918 405 1131 472 tsttttutttt.
1193 455 1202 468 Ι

291 583 420 656 dentes
445 593 483 655 ct
507 581 629 674 lingua
659 579 698 652 in
729 582 895 656 acumine
922 586 1036 658 morbi
1065 600 1184 664 crusta
1203 590 1307 684 nigra,

291 709 393 781 arida
413 699 694 798 obtegebantur,
717 730 811 800 quae
831 711 1030 784 secretione
1047 724 1170 784 exorta
1187 715 1310 786 minue·

292 831 400 906 batos
417 840 456 901 et
471 829 593 922 lingua
613 827 768 900 eundem
789 830 943 903 colorem
970 833 1116 906 rubrum
1138 835 1310 918 exhibuit,

290 979 398 1054 quem
425 949 530 1024 initio
548 950 734 1023 habuerat.
784 955 860 1027 Sub
880 957 994 1028 stadio
1019 960 1228 1031 secretionis
1245 983 1313 1031 mu·
1381 957 1382 1010 ἕ

291 1101 396 1152 corae
418 1101 461 1148 ex
479 1099 541 1147 ore
566 1087 605 1146 et
625 1074 790 1148 lancibus
810 1077 1056 1174 desquamatio
1076 1081 1237 1176 liuguae,
1260 1107 1312 1154 cu·
1381 1085 1382 1088 ’

292 1202 427 1276 ticulae
445 1198 622 1271 labiorum
640 1210 679 1270 et
691 1199 853 1272 'leucium
870 1202 1146 1287 observabatur,
1162 1230 1236 1278 non
1250 1231 1312 1282 roo·

290 1322 339 1400 “do
365 1323 491 1405 semel,
517 1323 581 1394 red
610 1324 789 1396 interdum
808 1337 864 1398 ter
890 1337 956 1398 aut
981 1339 1110 1422 qnater
1136 1328 1176 1400 in
1200 1331 1311 1404 eadem

291 1447 493 1544 superficie.
542 1447 806 1540 stranguriam
826 1449 1005 1522 nonnullis
1034 1463 1107 1522 tam
1130 1437 1310 1526 vehemens

292 1571 387 1657 erat,
404 1583 448 1645 ut
466 1559 572 1644 modo
592 1571 845 1646 catheterismo
865 1573 988 1667 juvari
1009 1586 1140 1669 posset.
1190 1579 1238 1649 [n
1254 1554 1312 1649 sia·

291 1700 383 1794 gutia
406 1695 561 1790 aegrotis
582 1695 692 1768 etiam
714 1695 752 1766 in
771 1699 918 1769 externo
938 1719 1087 1792 corpore
1115 1699 1313 1795 desquama·
1381 1759 1382 1774 ,

291 1827 346 1896 tio
365 1822 545 1894 cuticulae
575 1820 782 1902 observata,
814 1822 1024 1916 pracsertim
1043 1821 1083 1894 in
1112 1835 1259 1916 pectore
1282 1836 1314 1898 et

290 1938 464 2029 brachiis,
494 1955 535 2015 ot
562 1943 744 2017 interdum
772 1944 811 2016 in
832 1957 908 2017 toto
933 1967 1082 2039 corpore
1113 1949 1312 2020 exanthema
1381 1965 1382 1974 ’

289 2071 438 2162 rubrum
464 2068 612 2152 miliare.
662 2067 834 2160 Quamvis
861 2069 1005 2142 duratio
1036 2071 1155 2143 morbi
1191 2074 1313 2144 incerta

290 2183 424 2275 fuerit,
450 2204 569 2264 tamen
590 2192 752 2287 plerique
770 2204 994 2287 aegrotantes
1011 2192 1058 2264 ab
1080 2194 1190 2266 initio
1210 2195 1312 2268 morbi

290 2340 406 2413 usque
436 2315 482 2388 ad
519 2315 715 2411 perlectam
749 2317 1071 2393 convalescentiam
1099 2320 1197 2392 ultra
1227 2345 1312 2394 men·

292 2465 385 2523 scm,
407 2451 471 2512 aut
492 2439 515 2510 5
535 2437 580 2508 ad
599 2437 625 2510 6
646 2442 860 2535 septimanas
883 2443 1122 2534 aegrotarunt.
1190 2467 1208 2484 ²

340 2564 485 2661 Optime
506 2563 727 2635 tractabatur
747 2564 820 2636 leni
839 2587 969 2658 genere
989 2565 1212 2638 medicinae:
1238 2567 1314 2660 regi·

195 2754 204 2763 ,
293 2681 391 2761 mine
423 2686 693 2780 diaphoretico,
724 2687 1038 2790 refrigerantibus,
1065 2689 1240 2784 acidulis,
1263 2700 1314 2760 aut

244 2847 246 2852 ·
290 2813 485 2886 latioribus
506 2811 675 2881 nervicis.
723 2811 797 2884 Nec
821 2811 955 2906 dispari
976 2811 1083 2883 modo
1105 2829 1253 2888 curatur
1275 2815 1316 2886 le·

290 2935 367 3010 bris'
397 2934 643 3017 rheumatica,
672 2959 766 3030 quae
791 2959 929 3028 semper
957 2936 1152 3029 sporadica.
1204 2927 1256 3013 Εἰ
1275 2942 1318 3010 in·

293 3057 595 3134 flammationihus
616 3058 901 3153 frequentissima
912 3062 1148 3152 pneumonia,
1177 3065 1253 3136 tum
1266 3086 1318 3132 an·

293 3188 376 3280 gina
389 3181 671 3261 inflammatoris,
687 3205 730 3252 cx
747 3184 891 3276 spaamis
912 3193 1053 3256 tetanus
1071 3200 1317 3259 neonatorum:

293 3333 338 3378 ei
373 3306 550 3377 chronicis
585 3305 768 3386 arthritis,
805 3305 1102 3391 rheumatismus,
1144 3312 1318 3382 induratio

293 3431 437 3526 hepatia
454 3426 640 3522 (hepatitis
658 3406 936 3528 chronica,sive
950 3431 1233 3518 membranacea,
1252 3434 1317 3504 aive

230 3595 235 3605 ·
293 3557 452 3650 mucosa)
477 3577 521 3623 cx
539 3575 664 3630 caussa
680 3553 903 3630 rheumatica
917 3566 982 3625 out
996 3556 1196 3628 cotenhali.
1229 3559 1319 3630 Scor-

276 3655 406 3754 ‘butur
421 3679 516 3748 inter
533 3678 777 3770 pauperrimos
795 3678 987 3773 quotannis
1004 3677 1234 3772 epideruicus.
1257 3679 1318 3754 lle·

292 3804 404 3898 nique
430 3802 549 3898 leprae
579 3803 734 3896 species,
769 3801 950 3898 rodesygc
976 3802 1131 3892 dicitur;
1163 3827 1236 3908 qua
1265 3823 1316 3870 ae·

236 3921 239 3929 ’
295 3928 387 4026 groti
419 3925 591 4006 hebetes,
627 3925 784 4022 stupidi,
809 3951 876 4000 vox
907 3949 1035 4008 rauca,
1060 3925 1169 4000 iacies
1196 3923 1318 4004 livida,

297 4049 475 4130 exhalatio
497 4051 566 4122 oris
590 4049 742 4135 foetida,
765 4050 927 4124 maculae
949 4051 1071 4148 nigrae
1094 4051 1244 4134 lividae,
1271 4058 1318 4124 tu·
