2812 4864
279 371 351 436 336·
379 372 593 436 ttouuouutt
616 371 767 434 eruunt
779 417 797 444 ,‚
809 371 1011 450 thul-utu,
1033 373 1174 436 TRIBUS.

280 565 401 635 tuum,
429 564 471 623 ut
492 565 588 622 recte
612 552 700 622 lecit
720 553 850 632 Putat,
878 563 952 622 tum
972 554 1125 646 partium
1148 556 1301 649 singula·

280 679 392 760 num,
412 676 572 772 ejusdem
594 675 798 748 excellentis
821 670 980 768 nosolog'i
1002 679 1170 771 exemplo.

293 821 299 848 ²
328 801 460 873 Verum
493 800 581 871 haec
604 801 787 871 mittentes
817 810 1004 894 systemata
1029 801 1165 873 isthaec
1198 816 1302 874 natu·

280 925 387 1002 ralia,
410 947 502 1017 quae
520 936 713 1006 vocantur,
738 923 783 1000 ad
800 924 1002 1014 noeologiae
1023 924 1214 996 historicae
1233 951 1302 994 mo-

279 1051 402 1120 dulum
431 1049 617 1120 metiamur
637 1057 745 1138 atquc
764 1045 808 1116 ad
834 1059 982 1119 naturae
1005 1071 1216 1120 revocemus
1244 1053 1302 1144 ju-

280 1173 387 1244 dieia.
640 1159 645 1168 ¹

294 1331 301 1338 ·
329 1297 446 1388 Hujus
479 1293 681 1364 testimonio
704 1317 745 1364 ex
767 1293 1019 1388 antiquissimis
1049 1294 1203 1379 morbis,
1230 1298 1308 1368 rul-

286 1419 426 1516 guribus
445 1418 535 1500 illis,
562 1417 669 1488 luisse
689 1417 874 1487 ridentur:
900 1417 1015 1507 lepra',
1040 1420 1169 1511 pestis,
1192 1420 1306 1491 rario-

283 1547 361 1616 lae:
395 1565 483 1635 quas
522 1552 641 1612 utrum
673 1540 717 1610 ad
749 1539 942 1610 semiticam
979 1540 1053 1611 sire
1086 1543 1305 1626 caricasiam,

284 1689 369 1740 num
395 1668 440 1737 ad
467 1664 722 1758 aethiopicam,
745 1673 808 1732 aut
834 1662 1065 1753 mougolicam
1090 1665 1223 1734 tribum
1247 1689 1308 1736 ω.

286 1793 378 1864 lerre
413 1800 593 1884 oporteat,
627 1809 674 1856 an
704 1783 751 1856 ad
782 1807 903 1854 omnes
932 1786 1169 1878 aequabiliter
1199 1792 1310 1882 perti·

287 1926 413 1995 neant,
432 1913 509 2005 jam
528 1911 733 2005 perquirere
752 1906 866 1980 nolor·
882 1907 1052 1990 sufficiat,
1080 1910 1189 1980 luisse
1213 1915 1307 1984 orbis
1397 2003 1398 2016 ἵ

286 2040 427 2111 veteris.
476 2035 535 2108 Ad
552 2035 736 2105 classicum
755 2031 954 2124 pertinent:
982 2055 1128 2114 causus,
1154 2037 1307 2128 erysipe-

287 2163 356 2243 las,
379 2158 550 2240 lithiasis‚
575 2154 746 2228 arthritis.
794 2153 854 2225 Ad
872 2177 998 2224 aarum
1016 2156 1191 2227 medium:
1218 2183 1309 2230 mors

289 2287 409 2378 nigra,
445 2284 572 2354 chorea
601 2279 808 2374 epidemica.
857 2277 915 2348 Ad
940 2278 1061 2348 orbern
1088 2305 1218 2350 novum
1248 2285 1303 2375 ζ’).

243 2435 247 2445 ·
289 2407 451 2504 syphilis,
478 2403 683 2484 scorbutus,
709 2401 848 2495 typhus.
899 2403 995 2471 llaec
1018 2425 1147 2494 genera
1176 2429 1306 2477 summa

289 2551 376 2603 num
397 2532 448 2602 ita
472 2527 703 2604 cohaereant,
737 2535 778 2593 ut
806 2547 848 2592 ex
875 2524 986 2596 altero
1016 2526 1169 2598 valterum
1195 2543 1306 2600 ortum

290 2657 356 2750 sit,
381 2677 428 2725 ao
453 2676 538 2725 vero
568 2648 724 2744 antiquis
754 2645 938 2717 elementis
959 2652 1175 2724 accesserint
1201 2677 1305 2736 nora,

232 2917 235 2923 .
286 2871 489 2902 ψ
1396 2837 1397 2870 i

204 3031 209 3040 ’
288 3021 340 3102 (Ἴ
368 3041 464 3080 treus.
658 3035 751 3074 rrsrrs
984 3005 1137 3076 remorsa*

370 3155 506 3218 lrlhrilis.
655 3150 767 3212 causus.
984 3153 1142 3234 erysipelas.

368 3264 493 3344 Syphilis.
656 3259 850 3322 Intermitleus.
985 3261 1129 3324 Pelcchiaa.

192 3437 196 3444 ,
368 3373 525 3434 Scorbulus.
656 3369 771 3449 Typhas.
870 3451 872 3456 ,
984 3370 1106 3430 Miliaria.

270 3560 273 3564 Ι
315 3534 317 3538 .
366 3480 498 3545 Scroluh.
653 3480 748 3538 Febris
766 3478 841 3538 flava.
982 3479 1137 3541 Scarhlina.

272 3629 275 3634 ·
366 3589 549 3674 (Tubercula.)
654 3587 777 3648 Cholera.
982 3587 1108 3649 Morbilli.

326 3703 507 3770 lleurosiam,
534 3697 726 3769 reremedio,
755 3694 893 3756 exordium
918 3697 1002 3756 luila
1026 3697 1121 3757 chorea
1151 3700 1318 3779 cpidcmica,

286 3833 367 3895 quarn
395 3813 518 3887 deinceps
539 3813 642 3867 seculae
662 3812 726 3864 sunt
746 3807 831 3883 passio
854 3804 984 3882 hysterica
1004 3812 1030 3866 et
1056 3807 1140 3886 passio
1161 3808 1320 3888 hypochar-

288 3917 392 3992 rlri'aca,
413 3919 568 3980 communes
586 3915 816 3988 numerosissimae
831 3915 986 3978 neoresium
1004 3915 1100 3996 prolis,
1121 3923 1229 3982 recenti
1244 3943 1321 4002 asro,

203 4105 204 4112 ἵ
288 4037 425 4113 parentas.
829 4037 831 4042 '
