2834 4874
318 353 518 434 enonas
551 364 850 431 seruantes:
1042 333 1100 427 'ss

85 555 254 628 lelaciunt.
280 591 327 609 -
351 553 496 624 Notatu
514 573 659 645 quoque
690 550 836 642 dignum
861 559 937 629 est,
970 545 1100 619 multas

87 682 234 750 mulieres
258 701 302 746 ex
323 676 543 746 nostratibus
571 675 724 745 chlorosi
754 674 955 742 laborantes
976 672 1100 742 cadem

88 805 148 873 lere
177 802 250 893 pati
278 811 536 892 symptomata,
560 821 653 892 quae
675 799 844 867 tarantati
867 808 905 866 et
933 797 1101 890 quoniam

89 949 140 1018 pro
161 923 347 994 tarantatis
375 921 522 991 habitae
548 932 649 1003 sunt,
675 932 846 993 consueto
863 945 961 990 more
981 920 1103 1013 singu·

90 1048 123 1116 lis
149 1050 245 1118 annis
282 1046 455 1114 saltarent
491 1057 529 1116 et
561 1069 625 1138 per
655 1045 859 1116 saltationes
895 1067 916 1116 a
951 1043 1105 1120 chlorosi

89 1170 325 1261 diuturnisque
345 1168 510 1260 hystoriis
529 1171 704 1240 immunes
730 1170 878 1239 omnino
897 1179 1108 1244 eraserunt,

91 1293 151 1363 llec
174 1292 407 1365 reticendum*
422 1290 484 1361 hio
506 1294 595 1373 erit,
620 1292 810 1374 mulieres,
833 1313 984 1386 quorum
1010 1293 1105 1362 inter

90 1427 270 1487 ‘tarantatos
291 1439 370 1508 pars
395 1437 522 1508 magna
542 1427 614 1495 est,
639 1416 801 1485 morbum
827 1415 925 1486 bunc
939 1415 1104 1510 frequen·

92 1550 139 1609 ter
157 1541 341 1618 simulare,
366 1549 408 1608 ut
434 1549 635 1630 opportuna
655 1539 722 1608 hac
747 1539 901 1609 musicas
920 1542 1106 1612 occasione

93 1664 162 1732 solis
194 1663 380 1733 tarantatis
409 1661 579 1754 permissa
602 1671 749 1731 utantur
776 1669 933 1753 (etcum
956 1661 1107 1734 maxime

94 1799 177 1877 grata
198 1788 244 1857 sit
272 1786 363 1856 haec
387 1785 527 1856 chorea
544 1785 772 1866 mulieribus,
798 1787 905 1856 cessit
923 1785 1019 1876 apud
1045 1809 1109 1856 no·

95 1920 204 1980 stratas
228 1909 269 1979 in
296 1909 479 2003 adagium:
514 1909 540 1977 il
559 1908 809 1980 Carnevalctto
836 1908 928 1978 defle
956 1911 1107 2003 Donnc)·.

94 2029 132 2098 Et
148 2017 193 2102 de⁴
210 2033 396 2103 curatione
416 2032 485 2102 hac
503 2032 579 2124 ipsa
598 2057 662 2125 per
680 2033 841 2102 musicen
861 2044 900 2102 et
919 2033 1103 2106 choreams

93 2160 280 2226 atarantati
299 2157 450 2229 diversis
468 2173 632 2225 sonorum
650 2157 838 2248 generibus
849 2156 894 2226 ad
909 2159 1108 2230 saltandum

95 2281 282 2353 excitantur
306 2280 602 2372 delectanturque
623 2290 661 2349 et
689 2281 895 2373 particulari
916 2282 1026 2351 etiam
1045 2281 1110 2352 tn·-

91 2413 294 2483 strumento,
320 2405 381 2474 alii
406 2405 545 2474 scilieet
571 2401 692 2475 fistula
720 2406 909 2494 pastorali,
936 2405 997 2475 alii
1019 2418 1109 2499 tym-

92 2548 174 2618 pano
202 2549 334 2621 parvo,
360 2527 525 2621 cythara,
559 2527 692 2598 fidibus
718 2538 757 2596 et
785 2529 993 2599 tibicinibus
1021 2529 1112 2602 varii

77 2653 229 2740 xgeneris.
278 2652 372 2722 Hinc
403 2651 582 2722 curiosum
611 2661 665 2720 est
689 2650 897 2734 observare,
929 2654 1026 2748 quod
1056 2677 1112 2747 cyt-

92 2772 247 2844 tbaroedi
278 2773 479 2855 interdum,
504 2775 666 2870 quamvis
698 2775 766 2845 tria
792 2776 849 2845 vel
875 2789 1029 2868 quatuor
1057 2778 1113 2848 dt

87 2919 373 2988 renascentum
400 2921 529 2991 genera
552 2897 835 2980 efformarerint,
861 2898 906 2968 ab
929 2901 975 2970 iis
993 2913 1112 2972 tamen

88 3024 260 3112 patientes
293 3045 340 3093 ne
374 3024 560 3093 minimum
593 3021 639 3092 ad
671 3023 875 3094 saltationes
902 3035 1111 3105 moventur,

90 3144 172 3214 'dum
192 3143 281 3218 'roro
309 3145 407 3216 aliud
435 3145 625 3216 efformant
644 3169 665 3215 a
686 3147 856 3240 praelatis
875 3147 1055 3217 diversum
1074 3159 1112 3219 et

92 3265 239 3358 ipsorum
267 3293 406 3342 veneno
427 3270 546 3340 forsan
570 3268 897 3370 adcommodatum,
924 3272 1042 3341 statim
1067 3271 1112 3341 ad

92 3391 186 3463 illum
222 3395 400 3487 suspirant
428 3405 467 3462 et
500 3392 627 3461 saltare
657 3391 900 3462 uehementer,
927 3395 1115 3486 incipiunt.

94 3514 165 3586 lieo
188 3531 307 3588 tamen
331 3541 444 3586 unum
477 3539 602 3589 rerum
633 3501 708 3596 est,
737 3516 918 3607 patientes
942 3519 1028 3588 licet
1052 3542 1115 3587 suo

94 3640 220 3734 quique
238 3642 463 3712 delectentur
484 3616 587 3720 sono,
615 3663 736 3709 omnes
756 3651 873 3710 tamen
895 3639 1117 3712 velocissima

95 3783 252 3832 sonorum
272 3763 513 3832 modulamina
527 3762 731 3833 desiderare
757 3759 861 3857 (quae
879 3766 1043 3833 sonorum
1057 3789 1118 3835 vc

96 3881 219 3956 locitas
240 3888 346 3980 vulgo
378 3888 510 3957 dicitur
539 3888 750 3976 tarantella).
793 3887 882 3954 Ideo
911 3885 1119 3979 cytharoedi

92 4003 216 4080 borum
238 4034 311 4081 non
333 4013 443 4104 ignari
463 4011 616 4084 faciliter
639 4009 831 4080 mulierum
853 4008 975 4080 fucum
1001 4010 1117 4082 solent
