2900 4874
271 361 309 422 64
524 357 1059 424 cuoutsutluuutcl.

268 538 461 635 proditam,
481 559 587 628 quom
608 540 852 610 terentismum
877 541 915 610 in
937 541 1044 612 Italia
1061 544 1299 637 populantem

265 666 336 735 -viri
358 655 456 732 docti
483 669 791 754 comparaverunt:
816 662 862 734 de
887 663 1019 758 quibus
1041 665 1150 757 igitur
1167 667 1295 740 brevi·

267 787 322 858 ter
339 783 471 855 reterre
490 796 641 876 oportet.
691 786 791 856 Prior
808 811 901 858 enno
926 788 1001 859 lere
1019 787 1179 860 12121ex
1203 789 1298 864 Ger2

262 909 382 980 menie
404 907 605 1002 pariterque
633 933 675 978 ex
704 908 833 991 Gallie,
858 909 1055 1005 dequibus
1082 910 1155 983 duo
1174 913 1297 984 eitun·

262 1047 325 1106 tur
343 1029 561 1112 testimonia,
589 1033 740 1102 alterum
763 1032 915 1104 Taoms
939 1053 987 1102 nn
1011 1033 1200 1110 Cnourud:
1226 1041 1297 1131 qui

261 1157 435 1238 uidimus,
462 1153 598 1251 inquit,
623 1179 715 1225 enno
749 1154 795 1225 ab
825 1157 959 1228 incarn
992 1148 1033 1229 l)i
1046 1159 1146 1232 ‚1213
1169 1161 1296 1234 infini-

265 1297 338 1356 tam
360 1302 550 1376 puerorum
565 1279 832 1350 multitudinem
852 1281 979 1375 spiritu
995 1282 1217 1375 deceptionis
1235 1311 1296 1358 ar·

261 1405 385 1501 reptos
404 1425 492 1474 'oum
512 1403 691 1496 si'gneoulo
711 1403 826 1474 e'rueis
839 1405 915 1476 'iter
930 1405 1296 1500 Hierosolymitenum

258 1529 443 1626 -eg'gressos
478 1527 585 1598 luisse
613 1527 832 1622 periisseque
864 1527 1015 1600 diversis
1043 1529 1082 1600 in
1111 1532 1217 1602 loeis:
1254 1549 1296 1608 et

258 1657 449 1728 tnuximam
471 1675 515 1722 ex
539 1651 583 1721 iis
607 1649 875 1722 multitudinem
901 1676 964 1745 per
986 1651 1296 1748 mortuosquoo

261 1780 345 1851 dem
384 1775 584 1850 sarracenis
619 1775 658 1844 in
693 1775 781 1844 meri
798 1779 802 1786 '
818 1776 981 1846 venditos
1012 1774 1193 1864 extitisse
1240 1779 1297 1852 al.-

260 1902 564 1975 terumBscorus
596 1918 644 1969 ne
677 1899 908 1980 venustum,
941 1898 1006 1993 qui
1037 1899 1114 1994 Ops
1136 1899 1256 1998 lum:
1271 1903 1296 1971 ¹?

259 2030 383 2100 lorson
409 2019 568 2103 vidistis,
603 2021 742 2101 scribit,
777 2034 840 2092 eut
865 2020 1051 2093 audivistis
1077 2049 1141 2118 pro
1167 2041 1293 2116 certo,

260 2151 358 2243 quod
377 2146 479 2240 pueri
495 2144 541 2214 de
559 2166 667 2235 regno
685 2127 854 2215 Froneiae
872 2147 980 2216 semel
995 2151 1293 2228 occurrebantin

258 2273 404 2344 infinite
436 2268 666 2341 multitudine
697 2278 777 2360 post
806 2267 983 2360 quendum
1004 2273 1195 2366 malignum
1220 2276 1293 2348 ho·

259 2398 412 2472 minem,
438 2396 489 2464 ita
515 2393 611 2486 quod
636 2414 704 2461 nee
724 2415 745 2462 a
764 2391 943 2484 patribus,
968 2417 1036 2464 nee
1057 2398 1295 2478 emetribus,

261 2545 330 2591 nee
354 2520 399 2588 ab
421 2518 541 2586 etnicis
571 2525 735 2606 poterent
762 2513 918 2586 detineri
947 2528 985 2586 et
1009 2519 1115 2610 positi
1138 2532 1221 2588 sunt
1252 2523 1294 2594 in

255 2643 411 2714 novibus
434 2652 471 2710 et
500 2639 701 2708 sarracenis
731 2640 868 2710 venditi
894 2651 935 2745 et
951 2663 1024 2710 non
1056 2653 1139 2712 sunt
1166 2643 1294 2722 adhue

259 2767 375 2838 -Lxlv
401 2765 533 2833 enuis.’'
582 2763 718 2866 Suppes
752 2761 884 2832 uitetur
915 2762 961 2832 ab
995 2766 1292 2855 lincxutto.(l.l.

260 2915 339 2985 pag.
358 2887 428 2981 14.)
456 2885 695 2956 testimonium
715 2905 905 2975 puerorum
923 2888 962 2956 in
979 2887 1167 2962 Germania
1184 2899 1291 2984 'pere‘

255 3013 472 3108 <grinuntimn
501 3034 531 3077 e.
554 3009 643 3080 1237
678 3009 857 3104 alteroque
884 3023 1098 3083 memoratur
1130 3016 1293 3108 peregri.

152 3129 153 3134 ἵ
255 3139 358 3211 notio
397 3135 585 3228 puerorum
619 3132 737 3200 subito
777 3133 1038 3207 concitetorum
1073 3135 1119 3208 ed
1154 3138 1188 3208 S.
1222 3141 1291 3212 Mi.

257 3261 421 3330 ¹ohuiilem
435 3261 479 3340 in
498 3257 710 3328 Normandia
735 3253 872 3346 Galliae
895 3279 927 3325 u.
950 3256 1074 3330 1458·
1101 3259 1203 3351 Quae
1222 3285 1290 3354 pe,-

256 3385 529 3478 regrinetiones,
562 3403 776 3475 quemquem
804 3380 896 3470 prior
923 3379 1011 3454 belli
1040 3384 1129 3454 mori
1155 3407 1290 3458 merno-

258 3509 357 3577 ri‘am'
376 3511 539 3584 revocet,
571 3505 616 3573 od
638 3501 986 3574 somnambulismum
1008 3507 1188 3598 pertinere
1211 3532 1289 3580 ore.-

253 3632 394 3700 duntur
414 3619 627 3722 morbusque
655 3626 889 3705 evolutionis,
914 3629 1038 3722 quoles
1059 3631 1288 3724 pubertatem

259 3757 409 3826 subinde
438 3754 709 3845 praenuntiant,
735 3773 755 3818 o
778 3752 957 3822 nonnullis
979 3752 1206 3848 pathologioe
1229 3755 1290 3834 hii-

260 3880 410 3949 storieae
427 3873 830 3945 auot'oribushobentur.
859 3875 958 3970 Quae
970 3878 1186 3970 comparatio
1198 3879 1289 3952 mibi

260 4000 490 4092 ingeniosior,
521 4022 627 4094 quom
656 3997 771 4070 verior
803 3999 944 4076 videtur
968 4001 1143 4106 nimisque
1166 4027 1186 4082 e
1213 4003 1289 4086 lon·
