2900 4874
250 354 290 416 32
488 347 1039 414 VETERUM'NEUROSES
1098 447 1100 454 ,

247 499 399 630 petilum
416 527 462 600 ab
480 529 652 601 bassano
671 539 915 623 praeceptum:
940 531 978 600 in
996 531 1180 606 curatione
1196 555 1281 608 me-

246 654 444 730 lancholiae
466 654 647 724 stomacho
667 653 888 745 potissimum
912 658 1190 729 succurrendum
1217 685 1277 731 es-

246 804 305 865 se3
328 803 433 876 quem
455 779 493 848 in
513 775 639 857 finem,
664 788 805 870 praeter
823 788 1018 859 veratrum,
1038 782 1146 850 etiam
1166 785 1276 855 aloen

248 904 325 976 sive
352 902 487 974 hidram
520 899 651 972 laudat.
700 898 914 994 Epilepsiam
949 901 1059 972 otiam
1086 907 1277 999 epispasti-

249 1049 292 1096 oo
316 1049 358 1096 ex
386 1023 651 1095 cantharidibus
680 1048 762 1095 eum
784 1026 984 1108 curaverit,
1019 1028 1172 1123 suspicio
1195 1055 1278 1101 ruo·

247 1151 323 1223 veri
340 1161 459 1244 posset
484 1147 630 1244 originis
650 1148 765 1220 morbi
789 1149 1046 1244 erysipelaceae
1072 1124 1145 1225 aut
1164 1153 1280 1226 rheu·

137 1299 139 1304 ·
248 1276 409 1348 maticoe.

534 1460 990 1541 ousesrrouns.

303 1643 334 1716 I.
370 1641 562 1716 Anatomes
580 1639 698 1713 studio
714 1641 802 1737 quid
817 1638 1011 1737 profecerit
1029 1640 1276 1738 diagnostioe,

202 1831 204 1838 .
366 1769 574 1839 indicetur.¹
773 1835 779 1846 ,
844 1855 848 1864 ι
1004 1827 1007 1836 ,
1109 1759 1112 1764 ’

242 1975 247 1982 ,
280 1891 331 1963 11.
368 1892 448 1984 Quo
471 1903 628 1983 tempore
648 1889 849 1986 quibusque
874 1889 1078 1962 auctoribus
1103 1902 1187 1962 nata
1216 1904 1279 1966 est

367 2012 569 2084 morborum
594 2011 845 2102 chronicorum,
867 2011 1060 2084 doctrina?

264 2139 337 2212 III.
371 2135 542 2210 Arthritis
563 2159 627 2206 cur
642 2136 816 2208 Romanos
832 2107 1057 2230 potissimum
1077 2139 1248 2212 vexarit?

269 2262 333 2335 lv.
370 2261 501 2356 Quales
520 2282 690 2332 neuroses
710 2270 872 2331 veterum
892 2258 1001 2332 luisse
1025 2261 1222 2335 videntur?

606 2470 933 2538 „.;*..-*.

241 2717 247 2726 ·
361 2681 365 2686 ’
402 2690 778 2755 THERAPEUTICE
815 2692 1116 2757 assecutum.

295 2905 341 2978 ln
366 2903 516 2976 historia
534 2900 797 2995 therapeutioes
825 2899 1041 2974 Graecorum
1059 2913 1273 2996 perpetuam

248 3015 424 3106 cernimus
445 3052 466 3099 a
486 3025 732 3120 therapeutioe
764 3024 932 3106 naturali,
964 3027 1069 3119 ouJ'us
1092 3028 1131 3097 in
1158 3027 1275 3100 medi-

248 3159 330 3230 cina
360 3150 609 3248 Hippocratica
634 3159 747 3220 exstat
780 3148 981 3241 exemplar,
1007 3150 1052 3221 ad
1080 3150 1274 3244 therapeu-

247 3280 345 3356 ticen
366 3275 621 3355 universalem,
644 3295 717 3368 que
734 3269 954 3344 Annxsrtoea
970 3274 1030 3346 ille
1049 3275 1273 3348 Tessuinus

246 3402 431 3482 excelluit,
454 3396 741 3494 progressionem.
772 3393 807 3466 A
824 3395 923 3467 icbre
944 3393 1186 3492 cognoscenda
1202 3423 1274 3470 cu-

246 3525 427 3618 randaque
456 3520 599 3593 initium
623 3518 768 3590 lactum.
816 3517 876 3588 Ab
904 3517 973 3591 bac
987 3522 1169 3618 -deinceps
1195 3547 1274 3596 ma-

248 3652 300 3746 gis
320 3647 500 3742 magisque
519 3642 689 3713 adcurate
703 3651 888 3711 acutorum
911 3643 971 3714 alii
990 3644 1163 3728 discerni,
1189 3657 1274 3718 ten-

247 3776 329 3847 dem
357 3769 559 3842 morborum
587 3766 833 3838 chronicorum
861 3767 1025 3838 doctrino
1054 3769 1159 3842 condi
1182 3793 1270 3840 coe-

247 3899 312 3996 pit.
359 3896 532 3988 viguerat
561 3890 735 3962 haetenus
754 3889 943 3960 humorum
964 3891 1185 3988 pathologia:
1211 3915 1275 3962 ae·
1325 3899 1329 3902 ’

246 4020 353 4096 cessit
382 4018 550 4113 placitum
577 4015 623 4088 de
650 3998 858 4109 pneumate,
885 4039 957 4124 quo
986 4028 1023 4086 et
1051 4017 1273 4111 pyretologi'a
