2916 4862
287 373 351 433 Μ
608 423 611 428 .
656 372 731 431 ΔΓΜ
749 375 777 432 Ε
796 376 820 433 tt
842 373 901 435 1·c
920 375 959 434 A]

287 555 370 622 ris.··
392 553 441 624 tri
461 551 578 622 morbi
599 551 755 627 tiranni
775 559 1011 646 tempestates·
1029 565 1247 650 sequnntur,
1274 569 1326 630 oe

287 677 511 747 curamonta·
525 677 804 746 intermittentes
823 676 1002 770 excipiant
1021 701 1143 750 meuse
1165 680 1324 756 Octobri

288 814 327 870 et
337 799 526 872 Novembri
541 801 660 870 morbi
674 824 719 871 ex
737 801 912 870 elemento
931 800 1193 874 intermittentes
1208 817 1247 874 et
1257 807 1322 876 in-

285 923 518 994 flammatorio
544 925 661 1006 mixti,
686 924 809 1018 quales
833 923 967 1015 pariter
989 947 1109 994 meme
1128 927 1260 996 Martio.
1277 941 1325 1002 et

286 1047 403 1140 Aprili
432 1048 618 1118 visuntur:
652 1046 783 1140 hy'eme'
811 1047 1090 1118 intermittentes
1119 1047 1317 1121 inflamme-

287 1171 446 1240 tionibns
469 1171 612 1252 cedant,
630 1170 876 1242 rheumatibus
892 1181 932 1246 et
950 1171 1134 1242 catanhis.
1157 1170 1210 1243 Ex
1223 1197 1322 1246 neu«

287 1293 428 1362 roribus
453 1295 723 1376 conversiones,
756 1293 989 1385 hystericam,
1026 1294 1317 1389 hypochoudria·

284 1441 362 1486 cam
393 1417 613 1511 passionem,
640 1427 822 1498 tetanum,
855 1418 1078 1512 apoplexiam
1106 1441 1317 1501 nervosam,-

286 1541 434 1626 oclicam
454 1565 479 1610 s.
499 1519 746 1634 enteralgiam,
766 1539 1077 1612 rheumatismum:
1097 1539 1253 1635 denique
1270 1559 1320 1622 e(

287 1666 463 1736 chronicis
482 1663 745 1735 haematosibus
764 1663 1054 1736 haemorrhoides
1076 1674 1114 1736 et
1135 1663 1322 1758 hydropes

287 1789 428 1866 crebras
447 1811 541 1870 esse,
565 1789 661 1858 idem
681 1801 806 1860 auctor
828 1790 978 1862 notarit.

288 1915 312 1964 ·'
334 1915 515 1986 Videntur
529 1914 641 1994 morbi
660 1912 849 1985 Americae
866 1912 1162 2007 septemtrionalis
1181 1909 1319 1996 morbis

286 2039 473 2132 europaeis
502 2037 686 2108 simitiores
715 2059 812 2117 esse,
841 2061 949 2132 quam
968 2035 1100 2108 morbis
1122 2034 1319 2118 American

287 2161 538 2234 meridionalis.
564 2162 713 2232 Interim
733 2163 827 2232 eirca
845 2161 985 2232 morbos
1008 2160 1131 2232 Indiae
1145 2160 1317 2244 universe
1436 2205 1437 2220 ,

284 2287 501 2367 notandum,
526 2283 800 2355 discernendum
821 2309 896 2356 esse
917 2285 1012 2356 inter
1033 2284 1173 2354 morbos
1199 2283 1316 2368 ¹adse-2

285 2431 410 2484 uarum
430 2408 766 2502 peregrinorumque
792 2419 829 2478 et
847 2406 988 2477 morbos
1015 2406 1230 2482 incolarum,
1259 2406 1317 2488 in,

283 2533 512 2628 bigenerum:
546 2529 642 2625 qnod
672 2541 903 2625 praeceptum
931 2529 1139 2623 praesertim
1167 2552 1189 2597 a
1216 2528 1313 2598 brit-

284 2659 421 2738 tannis,
446 2681 485 2727 sc
507 2671 646 2748 ¹suaque
672 2665 755 2724 sote
775 2654 894 2726 omnia
915 2654 1121 2727 curantibus
1136 2664 1187 2724 ‚et
1212 2653 1314 2744 cogi«,

284 2780 465 2858 rantibus,
500 2779 703 2871 neglectum
735 2801 832 2861 ease,
857 2778 986 2850 horum
1010 2779 1141 2872 scripte
1172 2760 1315 2872 pervol-

283 2906 450 2978 rcntibns
475 2901 670 2998 adparebit.
