2900 4874
239 411 628 480 THEMPEUTICE
661 415 984 484 GRAECORUM.
1026 513 1030 524 ,
1091 419 1128 482 33

90 609 212 669 uncta·
232 607 287 668 est
307 607 345 666 et
370 597 511 666 felicius
538 594 705 688 explicari
730 607 926 689 coeperunt
946 605 1126 669 neuroses.

98 719 253 792 interim
276 721 547 790 communitates
569 717 771 788 morborum
804 721 1128 794 animadvertentes

47 857 55 870 “
98 845 233 916 medici
258 841 456 915 methodici
475 840 521 911 ad
545 853 779 910 evacuantem
789 843 1003 914 methodum
1027 845 1130 916 addi-

96 969 234 1040 derunt
246 967 470 1036 roborantem
492 963 648 1056 huicque
668 987 732 1056 per
754 968 1020 1058 metasyncrisiu
1042 971 1127 1042 sub·

90 1093 295 1184 junxerunt
318 1088 548 1158 altmontem:
579 1109 671 1178 quae
692 1086 761 1157 tria
785 1090 974 1180 praecipua
998 1115 1129 1184 genera

93 1226 188 1284 eunt
212 1212 492 1287 indicationem,
518 1208 592 1278 sire
621 1211 847 1280 consiliorum
880 1213 1047 1285 medendi
1069 1241 1129 1310 ge·

92 1335 284 1406 neraiium.
342 1334 461 1425 Ipsam
493 1330 661 1402 medendi
702 1333 912 1404 methodum
954 1337 1130 1431 dogmati·

92 1483 202 1538 cam,
224 1457 299 1528 sive
324 1456 548 1537 rationrdem,
575 1455 845 1527 adcommodata
866 1458 911 1529 ad
928 1462 1129 1538 medicinae

94 1594 263 1653 aeterum
283 1579 524 1651 conditionem
548 1578 760 1650 fundaverat
784 1578 965 1663 Gennaes,
989 1586 1128 1658 metho-

92 1706 262 1775 dicorum
298 1702 431 1795 pariter
466 1711 574 1796 atque
610 1703 858 1794 empiricorum
892 1704 1126 1780 adversarius.

94 1829 234 1903 Ultimo
260 1823 398 1898 exstitit
427 1825 669 1906 Aramum,
695 1826 760 1918 qui
783 1849 847 1918 per
879 1824 971 1896 haec
997 1842 1129 1904 cuncta

92 1950 253 2047 proiecit
273 1949 466 2042 plurimum
488 1946 535 2017 ad
554 1949 793 2030 condendam,
819 1951 1010 2021 ornandam
1032 1977 1129 2024 sum·

87 2097 230 2166 ¹meque
257 2071 544 2165 amplificandam
567 2072 842 2165 therapeuticen
871 2075 1129 2148 universalemt

94 2199 271 2290 adquam
299 2194 413 2266 omnia
434 2195 530 2265 illius
554 2218 611 2264 ars
633 2217 755 2287 quum*
771 2208 867 2268 esset
890 2197 1128 2282 conformata,

98 2321 260 2413 exemplo
290 2319 367 2411 ipse
392 2341 461 2388 suo
483 2317 659 2398 ostendit,
683 2328 903 2410 quantopere
932 2319 992 2391 iile
1017 2323 1129 2394 medi·

92 2467 164 2516 cus
180 2440 330 2514 caeteris
346 2439 557 2520 antecellat,
581 2440 646 2534 qtri
666 2440 909 2513 consiliarem
924 2465 1044 2534 gerere
1062 2467 1131 2517 no·

96 2567 203 2641 verit.

148 2688 327 2762 Medicina
343 2687 500 2781 practica
518 2687 557 2758 in
572 2686 747 2782 principio
766 2689 916 2761 maxime
935 2706 1127 2787 praecepta

96 2813 311 2893 diaetetica,
338 2810 603 2902 therapeutica,
629 2811 828 2904 chirurgica
849 2813 1030 2897 tradebat,
1054 2841 1127 2887 ma-

96 2939 151 3032 gis
171 2936 219 3008 ad
240 2933 499 3027 aegrotantium
519 2936 756 3016 curationem,
782 2957 888 3027 quam
913 2937 960 3006 ad
985 2940 1128 3009 morbo-

93 3085 177 3134 rum
203 3057 445 3151 dignotionem
473 3070 653 3152 spectans.
673 3109 678 3118 -
702 3062 802 3130 Hanc
829 3058 915 3128 artis
953 3061 1127 3132 conditio·

93 3207 180 3256 nem
196 3182 302 3253 nobis
327 3191 569 3273 repraesentat
586 3182 860 3276 encyclopaedia
885 3181 1063 3264 Celsiano,
1088 3185 1128 3254 in

94 3309 171 3402 qud
192 3304 306 3376 morbi
325 3304 467 3397 proprie
496 3326 570 3372 non
598 3304 868 3384 describuntur,
893 3304 957 3374 sed
984 3306 1128 3376 morbo-

92 3455 176 3503 rum
210 3427 464 3500 desoribuntur
499 3436 609 3519 atque
648 3426 879 3518 explanantur
913 3428 1127 3502 curationes.

89 3557 161 3627 Est
193 3552 393 3624 medicinae
420 3547 600 3640 practicae
628 3547 900 3640 compendium,
932 3553 1029 3645 quod
1053 3575 1127 3622 me·

90 3680 195 3751 dicos
224 3688 337 3747 artem
357 3673 483 3758 docet,
510 3671 594 3763 ipsis
614 3672 827 3750 indicando,
852 3676 1030 3767 quomodo
1058 3676 1127 3746 sub

96 3802 204 3872 variis
230 3821 349 3870 rerum
376 3793 643 3868 conditionibus
672 3811 751 3862 rem
784 3819 905 3886 gerere
935 3808 1123 3888 oporteat:

95 3925 203 3994 verbo
228 3934 285 3992 est
299 3920 480 3990 institutio
501 3918 546 3989 ad
570 3929 682 3988 artem
699 3917 880 4009 hujusque
904 3920 1126 4009 potissimum
1203 3903 1207 3912 ’

91 4049 199 4118 initia
222 4067 264 4116 ae
285 4043 488 4116 rudimenta
511 4041 623 4138 prima
643 4038 923 4133 comprehendit.

847 4201 857 4222 .
922 4156 940 4218 3
