2900 4874
486 684 721 706 *unnim—›-

316 867 492 930 PESTIS
530 867 885 928 AEGYPTIORUM.

140 1115 253 1206 Lepre
280 1135 352 1180 non
380 1110 497 1178 minus
524 1109 568 1177 ad
596 1107 794 1202 AEgyptios,
829 1132 933 1200 quam
968 1109 1012 1180 ad
1048 1109 1116 1178 He·

91 1233 214 1305 bracos
244 1245 282 1304 et
314 1229 663 1327 Arabes‘pertinerc
697 1233 860 1314 videtur,
895 1245 937 1304 ut
965 1233 1116 1304 dubium

92 1361 157 1440 sit,
181 1369 303 1427 utrum
322 1357 461 1439 Africa,
488 1381 533 1427 an
550 1357 635 1428 Asia
657 1357 764 1450 hujus
784 1357 896 1427 morbi
916 1361 1028 1452 patria
1047 1360 1112 1428 siti

90 1506 206 1578 neque
235 1481 412 1551 immerito
447 1479 492 1582 dc
517 1481 590 1550 'illa
615 1480 770 1562 dicitur,
807 1507 942 1574 semper
980 1483 1118 1578 aliquid

90 1605 237 1675 monstri
262 1594 377 1674 clere.
426 1605 479 1676 De
510 1607 615 1678 Peste
644 1629 727 1675 vero
756 1603 862 1674 hodie
899 1606 991 1676 inter
1020 1609 1114 1679 viros

90 1729 215 1800 doctos
244 1729 430 1798 convenit:
464 1753 506 1798 ex
529 1730 678 1822 AEgypto
704 1753 779 1798 esse
800 1730 984 1798 oriundam
1010 1731 1116 1800 hanc-

88 1878 159 1948 que
189 1876 275 1948 prae
297 1851 443 1945 reliquis
463 1863 577 1922 terrac
602 1851 804 1944 regionibus
824 1852 934 1945 ipsius
964 1854 1117 1947 petriam

86 2001 178 2049 csse.
227 1976 359 2066 Saltem
389 1975 435 2044 ab
461 1975 606 2068 antiquo
631 1975 831 2046 inde‘aevo¹
863 1975 930 2070 ipsi
955 1977 1119 2047 eudemio

87 2101 170 2172 tuit,
225 2099 273 2171 Et
300 2121 385 2166 sene
412 2099 609 2190 permultae
637 2112 721 2169 sunt
750 2100 991 2181 conditiones,
1024 2092 1117 2196 quae

86 2227 126 2296 in
156 2225 227 2294 hac
262 2221 408 2314 regione
439 2221 615 2314 ejusmodi
642 2221 765 2290 morbo
799 2222 941 2292 lavent:
978 2216 1117 2300 annuae

86 2349 160 2420 Nili
175 2347 335 2418 fluminis
352 2343 620 2424 inundationes,
646 2345 729 2414 anni
753 2357 997 2439 tempestates,
1022 2345 1116 2422 c'oeli

87 2471 253 2550 ardores,
279 2470 374 2541 vitae
391 2469 567 2560 regimen,
593 2469 699 2548 aliae,
727 2469 772 2539 de
790 2470 921 2564 quibus
939 2471 1004 2542 Cff.
1027 2475 1119 2545 Hec-

87 2617 180 2676 mrn,
204 2595 351 2667 Hnesnu
377 2602 467 2661 caet.
517 2592 596 2684 Qua
622 2597 742 2660 autem
762 2593 874 2664 lorma
895 2617 937 2663 ec
956 2594 1048 2667 lecie
1065 2597 1117 2668 ihi

86 2720 243 2813 primum
267 2714 459 2811 prodierit,
492 2713 604 2812 nolite
633 2740 823 2810 quaerere,
857 2699 1040 2822 siquidem
1057 2693 1119 2795 de‘.

87 2853 173 2911 sunt
199 2840 412 2923 relationes,
437 2863 528 2933 quae
553 2838 621 2908 hac
648 2840 694 2910 de
722 2866 760 2912 re
789 2843 1045 2927 certioreslnos
1066 2843 1118 2915 la·

86 2964 196 3034 ciant.
244 2962 412 3035 Bubones
430 2972 468 3030 et
486 2962 673 3032 anthraees
692 2988 713 3032 a
731 2963 910 3035 nonnullis
938 2978 1118 3062 tamquam

88 3086 379 3156 characteristica
403 3084 502 3178 signa
518 3085 627 3178 pestis
648 3070 684 3155 ct
704 3086 803 3157 dieta
825 3100 861 3159 ct
878 3089 1020 3175 habita,
1044 3119 1118 3206 non

87 3234 228 3304 semper
254 3209 458 3290 observari,
484 3213 591 3278 etiam
622 3211 838 3282 recentiores
859 3223 1023 3284 auctores
1044 3229 1117 3324 ¹9⁸7

87 3341 236 3414 tantur,
271 3332 340 3402 etsi
365 3342 605 3402 memorentur
627 3330 730 3415 loca,
758 3341 850 3428 q'uae
878 3336 1049 3450 probant,
1074 3361 1118 3411 ea

83 3457 159 3551 jam
178 3457 226 3526 ab
246 3457 394 3549 antiquo
421 3454 510 3529 inde
534 3437 622 3527 aevo
653 3439 763 3528 luisse
794 3440 943 3530 medicis
961 3463 1117 3576 cognita.

87 3565 307 3653 Testimonia
333 3577 476 3672 collegit
499 3561 695 3652 Hirsual.
722 3603 756 3674 p
772 3577 1116 3693 54sqq.1.1.1n7

87 3708 191 3776 terim
221 3703 421 3774 verosimile
447 3715 522 3784 est,
546 3705 651 3774 initio
681 3706 796 3775 Pestis
823 3704 971 3776 sormam
1000 3687 1119 3816 minus
1201 3717 1203 3722 '

91 3829 195 3898 luisse
215 3848 414 3920 expressam
432 3828 620 3921 minusque
639 3808 834 3910 evolutam,
860 3840 902 3899 ut
920 3827 990 3899 hoc
1008 3811 1117 3902 etiam

91 3952 231 4022 nornine
257 3973 339 4020 cum
360 3952 559 4047 embryonis
582 3951 693 4022 forme
720 3953 766 4022 sit
787 3965 996 4044 comparata.
1045 3955 1118 4028 Vc·

85 4093 161 4146 rum
206 4097 255 4146 nc
293 4074 477 4175 videamur
519 4076 734 4171 conjecturis
775 4075 984 4171 indulgere,
1022 4066 1118 4175 agite
