2834 4874
331 396 451 460 nonar
473 393 586 454 cnn1s
607 363 705 452 ao‘vr.
718 421 766 456 ,-
785 387 967 454 srrnnrs.
1125 393 1164 454 rr

127 579 250 654 :morbi
267 578 376 670 hujus
394 575 544 644 materia
560 571 605 642 ad
632 569 805 640 ambitum
826 571 983 662 corporis
1011 559 1165 662 expella-

135 717 215 785 tur,
242 703 305 772 scd
321 702 418 770 circa
440 698 608 775 lacertos,
634 694 773 764 illorum
804 695 985 774 tandines,
1011 697 1165 787 pericra·

130 829 232 898 nium
263 836 303 896 et
331 823 463 894 ossium
493 817 701 913 panniculos
729 817 885 886 resideat
908 827 946 886 et
975 818 1013 888 in
1036 820 1165 911 tophos

130 948 441 1046 quasicoalesout.
494 923 594 1016 Unde
615 939 709 1010 circa
726 962 803 1010 ossa
821 950 859 1009 et
879 963 921 1011 ex
941 964 1070 1034 gypsea
1089 944 1167 1016 len·

130 1084 191 1142 tae
213 1074 369 1166 pituitae
395 1089 539 1138 musore
564 1064 665 1157 iungi
697 1075 768 1134 tam
799 1075 942 1134 tenaces
971 1064 1164 1139 innascun-

122 1209 209 1278 tur,
244 1191 541 1290 quos'novacula
578 1188 714 1259 excisos
747 1187 927 1280 unguibus
959 1187 1163 1283 discerpere

128 1345 201 1392 non
228 1319 342 1413 potui.
392 1317 491 1387 Haeo
519 1336 602 1396 sane
628 1312 755 1381 callosa
785 1313 915 1382 ossium
945 1323 1164 1404 apostemata

127 1457 230 1515 recta
266 1439 419 1514 nominis
449 1436 608 1529 analogia
638 1436 814 1530 quispiam
850 1433 979 1506 tubera
1010 1439 1163 1532 appella·¹

127 1568 216 1640 bit.''

124 1767 127 1780 ¹
174 1689 337 1778 Auctore
367 1689 533 1764 &ercan
556 1686 654 1780 signa
683 1681 797 1752 morbi
826 1681 1031 1774 incipientis
1056 1699 1159 1758 sunt:

121 1815 303 1912 Klassitudo
328 1814 487 1886 universi
510 1809 683 1904 eorporis,
708 1807 809 1876 dolor
832 1829 941 1898 vagus
958 1808 995 1878 in
1008 1811 1160 1904 junctu-

118 1941 190 2030 ris,
216 1938 350 2032 pallor,
377 1935 586 2030 praesertim
607 1933 702 2002 circa
724 1930 868 2000 oculum
884 1931 986 2024 quasi
1004 1933 1159 2030 circulus

120 2061 300 2156 pallidus,
333 2058 427 2131 sicut
450 2059 489 2127 in
511 2055 740 2135 mulieribus,
762 2077 856 2148 quae
876 2060 1073 2128 menstruis
1103 2059 1157 2130 la-

126 2185 275 2265 borant,
302 2184 397 2254 color
415 2182 578 2252 rubens
568 2204 606 2250 rn
629 2179 718 2250 solis
739 2200 928 2258 manuum,
953 2182 1097 2274 pigritia
1117 2196 1156 2256 et

126 2309 376 2388 somnolentia,
397 2330 535 2377 moeror
552 2304 654 2398 quasi
666 2304 705 2370 in
722 2301 926 2374 adiectione
946 2305 1152 2399 hypochon·

122 2433 268 2512 driaca‚
302 2432 340 2502 in
367 2429 580 2524 quibusdam
608 2427 697 2498 levis
733 2425 907 2497 febricula
920 2480 938 2510 „
966 2431 1087 2502 ulcera
1115 2447 1154 2507 et

123 2556 239 2626 caries
257 2555 295 2622 in
310 2554 497 2647 pudendo,
521 2550 698 2632 bubones,
723 2548 810 2620 lotia
827 2573 946 2623 ¹crassa
966 2557 1151 2634 ctadusta.

122 2681 230 2773 Signa
259 2699 344 2748 nero
360 2665 483 2746 'morbi
516 2673 733 2756 confirmati:
758 2685 837 2766 post
860 2675 1057 2752 defluvium
1093 2707 1152 2754 ca-

120 2803 287 2896 pillorum
325 2810 508 2870 crustaeea
537 2797 720 2868 ulcuscula
746 2798 784 2866 in
816 2797 909 2870 facie
938 2802 984 2873 ad
1011 2806 1150 2880 radices

121 2929 296 3020 pilorum,
329 2925 369 2994 in
396 2899 572 3017 pudendis
605 2921 727 2992 ulcera
757 2922 868 3004 dura,
901 2928 1065 3018 pustulae
1095 2931 1150 3000 ni-

117 3075 228 3144 grae,
263 3048 434 3127 raucedo,
473 3055 649 3126 tumores,
684 3043 823 3120 dolores
854 3048 998 3142 capitis,
1034 3065 1147 3124 noctu

119 3169 434 3254 uehementissimi.

165 3298 316 3390 Itaque,
347 3316 441 3388 quae
467 3291 620 3385 primum
648 3293 758 3364 cutim
786 3294 998 3377 invadebat,
1032 3301 1147 3372 vario-

117 3421 230 3492 larum
254 3419 433 3496 adinstar,
464 3413 597 3486 deinde
621 3412 742 3510 leprae
771 3421 918 3491 similior
951 3422 1146 3516 alopeciam

21 3607 24 3614 .
116 3545 221 3624 fecit,
248 3542 392 3614 tandem
418 3538 647 3610 arthritidum
667 3565 764 3612 more
780 3541 853 3637 1(*),
880 3557 1015 3616 textum
1038 3547 1146 3618 fibro-

118 3663 249 3738 sumet
270 3689 347 3736 ossa
364 3663 575 3760 prehendit,
601 3689 694 3760 quae
714 3668 808 3738 cutis
830 3681 866 3740 et
882 3693 1048 3742 mucosae
1072 3674 1146 3745 laa-
1214 3644 1216 3651 Ι

114 3979 153 4054 (*)
174 3979 233 4040 Not.
255 3981 283 4039 in
305 3979 437 4058 principio
454 3978 543 4038 morbi
556 3978 598 4038 'ab
621 3978 775 4040 auctoribus
794 3979 896 4060 saepius
917 3987 1061 4046 memorari
1076 3989 1143 4050 arli-

112 4086 257 4164 cnlorum,
278 4089 332 4152 siis
347 4091 542 4170 juncturarum
562 4087 732 4148 adiectiones.
