2812 4864
160 327 164 340 ¹
220 440 222 450 ,
315 376 367 438 nt
394 371 538 434 uonnrs
566 372 733 437 orantia
765 374 957 438 Enntntts.
1101 379 1162 442 279

112 569 233 650 Μυο
264 555 360 626 inter
385 554 531 648 plebem
556 573 660 646 prora
691 575 773 625 cunr
804 549 979 650 syphilide
1007 556 1158 634 dirersi÷
1189 639 1194 646 ,

124 679 462 770 modocornposita,
489 679 598 748 etiam
612 702 694 749 oum
708 679 912 762 scrofulosi,
930 705 1024 775 quae
1045 682 1158 766 hisces

123 804 409 900 quaesivimus,
433 801 655 894 temporibus
667 826 731 897 per
752 825 892 876 omnam
913 804 1025 877 lerme
1042 805 1158 882 Euros

123 949 207 1020 pam
233 935 352 1020 patet,
376 934 419 995 nt
442 927 620 1020 dyscrasia
647 951 828 1023 europaeo
850 930 923 1000 dici
947 933 1161 1024 juramento

124 1049 251 1146 possit.
336 1093 339 1096 ·
592 1127 595 1140 ,
657 1124 662 1137 ,
858 1113 859 1116 ,
963 1089 966 1102 ·
1144 1075 1153 1112 ³

510 1240 793 1268 w·—

335 1395 386 1460 nt
407 1395 550 1456 nonnis
575 1394 760 1458 tunnulis
782 1393 960 1459 annalia.

178 1574 236 1672 Ad
248 1589 387 1672 morbos
407 1585 557 1696 Angliac
576 1604 759 1676 eudemios
778 1598 911 1680 referre
931 1587 1088 1700 oportet,
1107 1610 1161 1682 in'·

134 1739 188 1796 ter
208 1748 338 1830 pueros
368 1727 577 1810 scrolulam',
602 1729 696 1799 inter
722 1730 877 1823 juvenes
898 1730 1083 1824 phthisin,
1105 1732 1177 1804 in*-v

129 1838 341 1920 'ter'adulros
358 1849 397 1922 et
414 1847 570 1925 seniores
587 1852 901 1935 rheumatismum,
922 1853 1167 1958 dyspopsiam

131 1973 475 2070 hypochondriasin,
504 1975 663 2058 asthma,
688 1977 902 2074 podagram:
927 2002 1080 2072 quorum
1105 1976 1168 2050 alii

132 2099 289 2188 climati,
314 2101 376 2170 alii
399 2101 495 2172 vitae
526 2103 670 2192 generi,
694 2095 885 2197 pluresque
915 2103 1059 2195 utrique
1084 2119 1170 2177 sunt

132 2223 327 2296 tribuendi.
353 2225 428 2296 vEx
450 2212 791 2296 inflammationibus
811 2225 954 2295 crebrae
984 2238 1069 2297 sunt
1088 2237 1169 2300 mu'·

133 2375 237 2443 cosae
272 2334 460 2420 tracboalis
488 2343 540 2418 et¹
556 2347 768 2442 pulmonalis
800 2359 838 2418 et
867 2341 1072 2442 meningum
1097 2349 1169 2445 (Ἴ.

132 2451 363 2568 Quantopere
386 2483 506 2544 autem
529 2471 674 2544 differat
695 2474 733 2543 in
760 2459 890 2565 Anglia
916 2473 1089 2546 locorum
1105 2473 1168 2547 na'·

133 2609 215 2666 tura
233 2610 271 2667 et
290 2596 496 2679 salubritas,
524 2597 682 2669 ostendit
699 2597 720 2667 J
726 2618 777 2666 ac.
793 2595 954 2676 Carnum
978 2599 1043 2691 qui
1060 2581 1170 2670 etiairi

132 2715 343 2793 memoravit
360 2715 575 2791 'cachexiam
602 2721 854 2791 londinensem
874 2703 1168 2814 metropolihuic
1267 2703 1270 2714 ¹

132 2868 218 2938 prae
242 2843 391 2939 reliquis
410 2843 558 2914 forsitan
580 2843 808 2937 peculiarem.
856 2843 944 2912 Nam
972 2867 1016 2913 ex
1043 2867 1169 2937 magua

134 2966 322 3039 hominum
349 2968 552 3061 frequentia
577 2965 814 3062 proculdubio
840 2959 1026 3058 multiplex
1053 2970 1193 3039 nasci--
1257 2978 1260 2983 '

132 3105 197 3163 'tur
215 3091 421 3184 aegrotandi
442 3091 698 3185 opportunitas.
720 3087 917 3159 'Caeterum
939 3091 1081 3184 quaeri,
1103 3072 1171 3166 neb
1195 3185 1198 3192 k

138 3218 215 3286 sine
240 3238 363 3286 caussa
382 3226 519 3309 posset,
541 3237 588 3284 an
606 3237 679 3283 non
698 3211 913 3283 interhoroo
933 3209 1086 3304 Angliae
1107 3237 1172 3286 en·

135 3336 273 3410 demios
284 3339 424 3410 morbos
441 3337 616 3431 quaedam
628 3335 770 3406 occulta
785 3334 950 3428 cognatio
969 3337 1172 3420 existat,'ut
1294 3347 1306 3380 ²

136 3463 292 3535 scrolula
310 3463 355 3532 ad
374 3459 536 3555 phthisin
556 3470 594 3530 et
612 3457 803 3554 podagram
816 3459 985 3540 duceret,
1006 3455 1174 3567 rhenmai·

139 3588 266 3660 t'isrnus
278 3587 324 3658 ad
335 3581 572 3682 dyspepsiam,
588 3580 776 3678 dyspcpsia
790 3577 836 3650 ad
849 3578 1175 3714 hypochoudriasip

181 3859 234 3934 ι’)
257 3858 280 3917 t
300 3857 466 3918 Srarraruo
489 3857 646 3936 incipientes
664 3856 749 3936 inquo
767 3859 925 3915 nostrorum
942 3858 1096 3934 temporum
1114 3835 1178 3918 mo·

138 3967 300 4048 uographias
325 3961 474 4028 desinentes
497 3965 638 4039 ridebitis,
659 3966 753 4036 hosce,
774 3983 842 4044 quos
867 3961 1000 4036 diximus,
1022 3965 1095 4032 inter
1119 3966 1179 4030 An.

134 4077 201 4160 ‚glos
216 4098 234 4136 a
247 4077 331 4156 longo
346 4077 410 4138 iudo
426 4085 548 4156 ternpore
558 4078 647 4138 'luisse
666 4073 911 4136 mortarolium
931 4091 1097 4134 communes.
1156 4106 1160 4114 ,
1203 4079 1205 4090 '
