2834 4874
342 456 400 520 ree
456 425 458 430 ’
500 411 504 420 ’
612 439 798 517 ra'aars
840 453 1087 518 urrrrars.

334 637 451 717 'bens,
477 640 539 704 aut
558 633 665 702 etiam
680 605 900 728 purpureus,
927 658 1006 704 cum
1025 633 1170 728 aliquali
1187 633 1346 707 interdum

341 751 637 838 intumescentia,
659 767 702 828 ut
726 767 763 828 et
791 759 907 829 calore
939 771 1085 839 urente,
1110 781 1215 851 quem
1237 759 1271 828 in
1297 761 1346 830 do·
1402 817 1403 858 ,

339 881 531 956 'clinatione
568 877 683 949 morbi
722 880 922 974 excipiebat
959 881 1186 976 epidermidia
1226 883 1345 964 erosio,
1402 859 1403 942 Ῑ

339 1003 557 1082 frustulatim
572 1002 717 1074 tandem
735 1002 945 1076 decidentis.
987 1005 1238 1078 Praetereacx
1252 1009 1347 1076 actio·

338 1129 446 1206 nibus
471 1126 576 1199 laesis
604 1115 839 1199 notabantur:
866 1129 992 1221 capitis
1021 1127 1174 1221 gravitas
1202 1142 1239 1199 et
1263 1129 1347 1200 dolor

338 1253 573 1354 pulsatorius,
598 1245 769 1321 lassitudo
788 1249 899 1321 totius
917 1247 1088 1346 corporis,
1113 1249 1218 1323 ardor
1233 1265 1270 1324 et
1285 1277 1349 1324 sen·

340 1405 401 1454 aas
417 1373 620 1474 punctionis
636 1369 703 1443 suh
727 1384 810 1443 oute
831 1373 904 1444 cito
927 1375 1118 1457 transiens,
1142 1377 1280 1447 narium
1301 1401 1350 1446 au·

339 1506 504 1597 riumque
542 1497 721 1594 pruritus,
755 1498 967 1568 sternutatio
994 1495 1182 1596 frequens,
1218 1523 1351 1594 pavores

338 1627 380 1698 in
402 1648 540 1704 mmno,
564 1620 739 1710 insomnia
764 1619 972 1693 turbulenta
991 1645 1072 1694 eum
1091 1647 1240 1718 pavore,
1266 1648 1350 1716 apae
1403 1637 1404 1662 ³

338 1764 413 1832 tra,
437 1746 643 1843 phantasiae
664 1767 784 1816 rerum
806 1745 991 1817 rubrarum
1011 1757 1048 1817 et
1078 1749 1349 1825 coruscantium,

337 1867 487 1952 deliria,
511 1868 664 1940 insultus
683 1867 728 1938 ed
753 1867 961 1961 epilepticos
984 1865 1217 1951 accedentes,
1243 1870 1350 1964 pulsus

337 1997 434 2068 celer
456 2004 495 2064 et
514 1990 681 2086 frequens
699 2013 742 2060 ac
760 1989 971 2072 vehemens,
987 1987 1149 2064 difficilis
1166 2003 1204 2064 et
1219 1993 1289 2064 cita
1306 2016 1351 2062 re·

339 2116 508 2213 spiratio,
525 2105 639 2186 'tussis
670 2113 773 2187 sicca.
820 2111 872 2184 Ex
903 2114 1072 2186 exoretis:
1103 2117 1227 2187 urinae
1251 2115 1350 2185 tmbi·

338 2242 430 2322 dae,
470 2239 697 2312 turbulentae
729 2247 767 2308 et
806 2235 1033 2331 subjugales,
1072 2239 1349 2334 haemorrhagiae

336 2367 495 2447 narium,
516 2362 745 2444 vomitiones,
768 2357 995 2446 diarrhoeae,
1011 2363 1185 2460 lacrymae
1200 2363 1350 2436 inuoluu-

333 2492 458 2563 toriae.

384 2613 538 2708 Lipsiam
551 2622 638 2684 tunc
650 2610 818 2704 temporis
829 2611 977 2682 mamma
988 2607 1158 2705 adfligens
1171 2613 1349 2707 praecipuo

336 2736 521 2832 puerperia
542 2735 693 2807 iniectus
711 2734 793 2834 init.
832 2735 1026 2834 Deinceps,
1050 2737 1171 2806 seculo
1188 2749 1348 2830 aequente

337 2886 369 2933 a.
397 2859 508 2941 1713,
543 2884 624 2930 cum
657 2858 837 2930 doloribus
871 2862 1017 2955 eapitis,
1052 2859 1169 2948 dorsi,
1200 2871 1351 2938 artuum,

335 2984 521 3082 adparuit,
546 2981 614 3054 auh
632 2981 743 3052 forma
765 2981 974 3076 papularum
997 2983 1291 3079 crystallinarum,
1315 2985 1348 3054 li·
1405 3013 1406 3030 ,

336 3121 445 3182 vente
463 3107 596 3178 circum
613 3105 707 3200 ipsas
737 3118 840 3191 cute;
863 3107 1233 3202 perantiacorbutica,
1255 3107 1349 3180 oech-

335 3234 481 3308 leariam
499 3229 659 3326 inprimis
676 3228 808 3322 optime
828 3231 1029 3304 curabatur.
1052 3229 1155 3302 Aba.
1170 3232 1225 3304 15.
1249 3231 1348 3324 hujus
1405 3263 1406 3308 ;

336 3355 449 3432 seculi
462 3357 501 3428 in
513 3355 649 3428 vicinae
658 3355 767 3426 ctiam
777 3356 940 3448 regiones
950 3356 1123 3452 migrarit.
1149 3356 1254 3430 Anno
1266 3337 1349 3430 1719

335 3503 447 3576 propa
488 3478 713 3559 Berolinum,
757 3475 823 3549 sub
859 3479 1114 3552 constitutione
1156 3479 1347 3550 morborum

337 3603 576 3684 rheumatica,
601 3602 816 3684 catarrhali,
830 3625 902 3674 una
922 3625 1003 3675 eum
1021 3603 1182 3677 febribus
1193 3605 1348 3676 rheuma·

334 3727 417 3802 ticis
435 3738 473 3799 et
492 3725 703 3822 dysenteriis
723 3725 892 3820 regnabat
916 3726 1094 3822 epidomia
1111 3728 1274 3811 miliaria,
1295 3752 1347 3798 au-

335 3851 500 3935 doribua,
524 3850 707 3944 uriniaqua
729 3850 861 3924 criticis
880 3873 922 3922 ac
942 3853 1112 3946 regimine
1135 3854 1261 3926 leniter
1278 3854 1347 3922 dia·

308 4029 310 4036 Α
337 3974 525 4072 phoretico
544 3986 618 4046 tum
639 3986 808 4056 naturae,
832 3989 909 4049 tum
930 3979 1016 4047 artis
1035 3975 1211 4048 beneficio
1232 4000 1349 4048 sanan·
1405 4037 1406 4046 ,

336 4097 395 4176 da·
429 4097 548 4188 ¹Antea
565 4098 689 4175 mo„-
705 4110 997 4172 commemoratur
1031 4101 1208 4197 epidomia
1232 4123 1347 4174 naun·
