<?xml version="1.0" encoding="UTF-8"?>
<!DOCTYPE html PUBLIC "-//W3C//DTD XHTML 1.0 Transitional//EN"
    "http://www.w3.org/TR/xhtml1/DTD/xhtml1-transitional.dtd">
<html xmlns="http://www.w3.org/1999/xhtml" xml:lang="en" lang="en">
 <head>
  <title>
</title>
<meta http-equiv="Content-Type" content="text/html;charset=utf-8" />
  <meta name='ocr-system' content='tesseract 3.04.00' />
  <meta name='ocr-capabilities' content='ocr_page ocr_carea ocr_par ocr_line ocrx_word'/>
</head>
<body>
  <div class='ocr_page' id='page_1' title='image "./dehistoriamorbo00hoevgoog_0064.png"; bbox 0 0 2900 4874; ppageno 0'>
   <div class='ocr_carea' id='block_1_1' title="bbox 396 377 1217 454">
    <p class='ocr_par' dir='ltr' id='par_1_1' title="bbox 396 377 1217 454">
     <span class='ocr_line' id='line_1_1' title="bbox 396 377 1217 454; baseline 0.019 -16"><span class='ocrx_word' id='word_1_1' title='bbox 396 425 401 438; x_wconf 86' lang='lat'>.</span> <span class='ocrx_word' id='word_1_2' title='bbox 436 377 694 444; x_wconf 75' lang='lat' dir='ltr'><strong>nonnon&#39;uu</strong></span> <span class='ocrx_word' id='word_1_3' title='bbox 727 379 972 448; x_wconf 77' lang='lat' dir='ltr'><strong>lNGElllUll.</strong></span> <span class='ocrx_word' id='word_1_4' title='bbox 1176 389 1217 454; x_wconf 72' lang='lat'><strong>45</strong></span> 
     </span>
    </p>
   </div>
   <div class='ocr_carea' id='block_1_2' title="bbox 172 562 1256 1771">
    <p class='ocr_par' dir='ltr' id='par_1_2' title="bbox 185 562 1213 779">
     <span class='ocr_line' id='line_1_2' title="bbox 185 562 1213 660; baseline 0.006 -25"><span class='ocrx_word' id='word_1_5' title='bbox 185 562 317 635; x_wconf 87' lang='lat' dir='ltr'><strong>ficere:</strong></span> <span class='ocrx_word' id='word_1_6' title='bbox 351 562 639 660; x_wconf 83' lang='lat' dir='ltr'><strong>quandoquidem</strong></span> <span class='ocrx_word' id='word_1_7' title='bbox 671 563 728 632; x_wconf 84' lang='lat' dir='ltr'><strong>rix</strong></span> <span class='ocrx_word' id='word_1_8' title='bbox 755 563 885 634; x_wconf 89' lang='lat' dir='ltr'><strong>tradito</strong></span> <span class='ocrx_word' id='word_1_9' title='bbox 906 563 1020 636; x_wconf 80' lang='lat' dir='ltr'><strong>morbi</strong></span> <span class='ocrx_word' id='word_1_10' title='bbox 1045 570 1213 653; x_wconf 83' lang='lat' dir='ltr'><strong>nomine,</strong></span> 
     </span>
     <span class='ocr_line' id='line_1_3' title="bbox 186 685 1025 779; baseline 0.002 -23"><span class='ocrx_word' id='word_1_11' title='bbox 186 711 271 758; x_wconf 79' lang='lat' dir='ltr'><strong>mor</strong></span> <span class='ocrx_word' id='word_1_12' title='bbox 289 687 335 758; x_wconf 88' lang='lat' dir='ltr'><strong>ad</strong></span> <span class='ocrx_word' id='word_1_13' title='bbox 355 685 657 757; x_wconf 80' lang='lat' dir='ltr'><strong>tradenda’morbi</strong></span> <span class='ocrx_word' id='word_1_14' title='bbox 677 685 806 754; x_wconf 86' lang='lat' dir='ltr'><strong>auxilia</strong></span> <span class='ocrx_word' id='word_1_15' title='bbox 824 700 1025 779; x_wconf 89' lang='lat' dir='ltr'><strong>properant.</strong></span> 
     </span>
    </p>

    <p class='ocr_par' dir='ltr' id='par_1_3' title="bbox 172 809 1256 1771">
     <span class='ocr_line' id='line_1_4' title="bbox 236 809 1214 903; baseline 0.009 -23"><span class='ocrx_word' id='word_1_16' title='bbox 236 810 334 881; x_wconf 89' lang='lat' dir='ltr'><strong>Illud</strong></span> <span class='ocrx_word' id='word_1_17' title='bbox 358 821 478 880; x_wconf 89' lang='lat' dir='ltr'><strong>autem</strong></span> <span class='ocrx_word' id='word_1_18' title='bbox 493 809 657 881; x_wconf 82' lang='lat' dir='ltr'><strong>universe</strong></span> <span class='ocrx_word' id='word_1_19' title='bbox 676 809 771 879; x_wconf 86' lang='lat' dir='ltr'><strong>circa</strong></span> <span class='ocrx_word' id='word_1_20' title='bbox 790 809 882 878; x_wconf 89' lang='lat' dir='ltr'><strong>hanc</strong></span> <span class='ocrx_word' id='word_1_21' title='bbox 904 811 1074 903; x_wconf 75' lang='lat' dir='ltr'><strong>epocham</strong></span> <span class='ocrx_word' id='word_1_22' title='bbox 1102 817 1214 888; x_wconf 81' lang='lat' dir='ltr'><strong>medi·</strong></span> 
     </span>
     <span class='ocr_line' id='line_1_5' title="bbox 183 932 1256 1031; baseline 0.007 -27"><span class='ocrx_word' id='word_1_23' title='bbox 183 933 291 1022; x_wconf 84' lang='lat' dir='ltr'><strong>cinae</strong></span> <span class='ocrx_word' id='word_1_24' title='bbox 319 932 497 1005; x_wconf 76' lang='lat' dir='ltr'><strong>Arabicae</strong></span> <span class='ocrx_word' id='word_1_25' title='bbox 521 932 800 1015; x_wconf 87' lang='lat' dir='ltr'><strong>observandum,</strong></span> <span class='ocrx_word' id='word_1_26' title='bbox 824 932 967 1004; x_wconf 83' lang='lat' dir='ltr'><strong>initium</strong></span> <span class='ocrx_word' id='word_1_27' title='bbox 995 935 1106 1008; x_wconf 82' lang='lat' dir='ltr'><strong>luisse</strong></span> <span class='ocrx_word' id='word_1_28' title='bbox 1138 963 1215 1012; x_wconf 89' lang='lat' dir='ltr'><strong>me·</strong></span> <span class='ocrx_word' id='word_1_29' title='bbox 1253 1025 1256 1031; x_wconf 86' lang='lat'><em>.</em></span> 
     </span>
     <span class='ocr_line' id='line_1_6' title="bbox 181 1054 1216 1157; baseline -0.004 -29"><span class='ocrx_word' id='word_1_30' title='bbox 181 1057 328 1128; x_wconf 88' lang='lat' dir='ltr'><strong>dicinae</strong></span> <span class='ocrx_word' id='word_1_31' title='bbox 350 1054 599 1150; x_wconf 87' lang='lat' dir='ltr'><strong>chymiatricae</strong></span> <span class='ocrx_word' id='word_1_32' title='bbox 620 1054 800 1150; x_wconf 89' lang='lat' dir='ltr'><strong>hujusque</strong></span> <span class='ocrx_word' id='word_1_33' title='bbox 820 1075 884 1149; x_wconf 87' lang='lat' dir='ltr'><strong>per</strong></span> <span class='ocrx_word' id='word_1_34' title='bbox 909 1057 1076 1130; x_wconf 87' lang='lat' dir='ltr'><strong>scientias</strong></span> <span class='ocrx_word' id='word_1_35' title='bbox 1094 1059 1216 1157; x_wconf 74' lang='lat' dir='ltr'><strong>physi-</strong></span> 
     </span>
     <span class='ocr_line' id='line_1_7' title="bbox 174 1178 1214 1280; baseline 0.003 -26"><span class='ocrx_word' id='word_1_36' title='bbox 174 1205 247 1278; x_wconf 60' lang='lat' dir='ltr'><strong>cas</strong></span> <span class='ocrx_word' id='word_1_37' title='bbox 263 1191 302 1251; x_wconf 91' lang='lat' dir='ltr'><strong>et</strong></span> <span class='ocrx_word' id='word_1_38' title='bbox 323 1179 592 1250; x_wconf 87' lang='lat' dir='ltr'><strong>mathematicas</strong></span> <span class='ocrx_word' id='word_1_39' title='bbox 621 1178 846 1280; x_wconf 79' lang='lat' dir='ltr'><strong>excolendae.</strong></span> <span class='ocrx_word' id='word_1_40' title='bbox 893 1181 982 1252; x_wconf 84' lang='lat' dir='ltr'><strong>llam</strong></span> <span class='ocrx_word' id='word_1_41' title='bbox 996 1193 1039 1252; x_wconf 89' lang='lat' dir='ltr'><strong>ut</strong></span> <span class='ocrx_word' id='word_1_42' title='bbox 1056 1196 1214 1257; x_wconf 88' lang='lat' dir='ltr'><strong>astrono-</strong></span> 
     </span>
     <span class='ocr_line' id='line_1_8' title="bbox 174 1290 1212 1395; baseline 0.005 -18"><span class='ocrx_word' id='word_1_43' title='bbox 174 1308 272 1395; x_wconf 83' lang='lat' dir='ltr'><strong>mia,</strong></span> <span class='ocrx_word' id='word_1_44' title='bbox 297 1303 481 1383; x_wconf 86' lang='lat' dir='ltr'><strong>mathesis,</strong></span> <span class='ocrx_word' id='word_1_45' title='bbox 512 1303 652 1395; x_wconf 87' lang='lat' dir='ltr'><strong>algcbra</strong></span> <span class='ocrx_word' id='word_1_46' title='bbox 685 1290 864 1374; x_wconf 79' lang='lat' dir='ltr'><strong>Arabibus</strong></span> <span class='ocrx_word' id='word_1_47' title='bbox 895 1301 934 1373; x_wconf 93' lang='lat' dir='ltr'><strong>in</strong></span> <span class='ocrx_word' id='word_1_48' title='bbox 961 1304 1099 1377; x_wconf 90' lang='lat' dir='ltr'><strong>deliciis</strong></span> <span class='ocrx_word' id='word_1_49' title='bbox 1130 1298 1212 1382; x_wconf 82' lang='lat' dir='ltr'><strong>iue-</strong></span> 
     </span>
     <span class='ocr_line' id='line_1_9' title="bbox 172 1405 1208 1524; baseline 0.004 -24"><span class='ocrx_word' id='word_1_50' title='bbox 172 1405 288 1510; x_wconf 36' lang='lat' dir='ltr'><strong>&#39;runt‚</strong></span> <span class='ocrx_word' id='word_1_51' title='bbox 321 1427 449 1520; x_wconf 85' lang='lat' dir='ltr'>hisque</span> <span class='ocrx_word' id='word_1_52' title='bbox 480 1426 712 1520; x_wconf 20' lang='lat' dir='ltr'><strong>alchymiamt,</strong></span> <span class='ocrx_word' id='word_1_53' title='bbox 745 1428 842 1498; x_wconf 86' lang='lat' dir='ltr'><strong>unde</strong></span> <span class='ocrx_word' id='word_1_54' title='bbox 872 1423 1007 1521; x_wconf 81' lang='lat' dir='ltr'><strong>prodiit</strong></span> <span class='ocrx_word' id='word_1_55' title='bbox 1050 1421 1208 1524; x_wconf 64' lang='lat' dir='ltr'><strong>chymia‚</strong></span> 
     </span>
     <span class='ocr_line' id='line_1_10' title="bbox 173 1551 1208 1654; baseline 0.004 -31"><span class='ocrx_word' id='word_1_56' title='bbox 173 1551 357 1654; x_wconf 80' lang='lat' dir='ltr'><strong>¹(similitor</strong></span> <span class='ocrx_word' id='word_1_57' title='bbox 377 1561 483 1644; x_wconf 89' lang='lat' dir='ltr'><strong>atque</strong></span> <span class='ocrx_word' id='word_1_58' title='bbox 504 1573 547 1618; x_wconf 86' lang='lat' dir='ltr'><strong>ex</strong></span> <span class='ocrx_word' id='word_1_59' title='bbox 573 1551 760 1644; x_wconf 80' lang='lat' dir='ltr'><strong>astrologia</strong></span> <span class='ocrx_word' id='word_1_60' title='bbox 780 1551 993 1623; x_wconf 79' lang='lat' dir='ltr'><strong>astronomia</strong></span> <span class='ocrx_word' id='word_1_61' title='bbox 1015 1555 1208 1648; x_wconf 88' lang='lat' dir='ltr'><strong>prodierat)</strong></span> 
     </span>
     <span class='ocr_line' id='line_1_11' title="bbox 174 1672 1209 1771; baseline -0.002 -23"><span class='ocrx_word' id='word_1_62' title='bbox 174 1678 443 1771; x_wconf 82' lang='lat' dir='ltr'><strong>adjunxerunt.</strong></span> <span class='ocrx_word' id='word_1_63' title='bbox 487 1672 539 1743; x_wconf 91' lang='lat' dir='ltr'><strong>sic</strong></span> <span class='ocrx_word' id='word_1_64' title='bbox 579 1685 767 1752; x_wconf 87' lang='lat' dir='ltr'><strong>anatomen</strong></span> <span class='ocrx_word' id='word_1_65' title='bbox 807 1676 1059 1768; x_wconf 87' lang='lat' dir='ltr'><strong>neglexerunt,</strong></span> <span class='ocrx_word' id='word_1_66' title='bbox 1100 1700 1209 1768; x_wconf 88' lang='lat' dir='ltr'><strong>quam</strong></span> 
     </span>
    </p>
   </div>
   <div class='ocr_carea' id='block_1_3' title="bbox 168 1797 1345 1876">
    <p class='ocr_par' dir='ltr' id='par_1_4' title="bbox 168 1797 1345 1876">
     <span class='ocr_line' id='line_1_12' title="bbox 168 1797 1345 1876; baseline -0.004 -3"><span class='ocrx_word' id='word_1_67' title='bbox 168 1797 310 1876; x_wconf 73' lang='lat' dir='ltr'><strong>Graeci</strong></span> <span class='ocrx_word' id='word_1_68' title='bbox 336 1797 583 1870; x_wconf 80' lang='lat' dir='ltr'><strong>fundaverant.</strong></span> <span class='ocrx_word' id='word_1_69' title='bbox 631 1797 725 1866; x_wconf 89' lang='lat' dir='ltr'><strong>Hinc</strong></span> <span class='ocrx_word' id='word_1_70' title='bbox 753 1797 951 1867; x_wconf 81' lang='lat' dir='ltr'><strong>medicinae</strong></span> <span class='ocrx_word' id='word_1_71' title='bbox 988 1799 1207 1872; x_wconf 87' lang='lat' dir='ltr'><strong>anatomicae</strong></span> <span class='ocrx_word' id='word_1_72' title='bbox 1335 1855 1345 1868; x_wconf 92' lang='lat'><strong>.</strong></span> 
     </span>
    </p>
   </div>
   <div class='ocr_carea' id='block_1_4' title="bbox 136 1917 1219 4121">
    <p class='ocr_par' dir='ltr' id='par_1_5' title="bbox 136 1917 1219 4121">
     <span class='ocr_line' id='line_1_13' title="bbox 166 1917 1206 2022; baseline -0.001 -26"><span class='ocrx_word' id='word_1_73' title='bbox 166 1927 360 2022; x_wconf 70' lang='lat' dir='ltr'><strong>supposita</strong></span> <span class='ocrx_word' id='word_1_74' title='bbox 379 1933 434 1996; x_wconf 88' lang='lat' dir='ltr'><strong>est</strong></span> <span class='ocrx_word' id='word_1_75' title='bbox 457 1919 633 1991; x_wconf 86' lang='lat' dir='ltr'><strong>medicina</strong></span> <span class='ocrx_word' id='word_1_76' title='bbox 653 1919 940 2016; x_wconf 89' lang='lat' dir='ltr'><strong>pharmaceutica</strong></span> <span class='ocrx_word' id='word_1_77' title='bbox 951 1947 961 2010; x_wconf 88' lang='lat'>;</span> <span class='ocrx_word' id='word_1_78' title='bbox 985 1917 1071 1991; x_wconf 89' lang='lat' dir='ltr'><strong>hino</strong></span> <span class='ocrx_word' id='word_1_79' title='bbox 1089 1923 1206 1995; x_wconf 91' lang='lat' dir='ltr'><strong>minus</strong></span> 
     </span>
     <span class='ocr_line' id='line_1_14' title="bbox 169 2043 1204 2140; baseline -0.001 -21"><span class='ocrx_word' id='word_1_80' title='bbox 169 2051 364 2129; x_wconf 77' lang='lat' dir='ltr'><strong>eventus,&#39;</strong></span> <span class='ocrx_word' id='word_1_81' title='bbox 382 2057 445 2117; x_wconf 88' lang='lat' dir='ltr'><strong>aut</strong></span> <span class='ocrx_word' id='word_1_82' title='bbox 469 2056 701 2139; x_wconf 74' lang='lat' dir='ltr'><strong>symptomata</strong></span> <span class='ocrx_word' id='word_1_83' title='bbox 725 2043 948 2124; x_wconf 86' lang='lat' dir='ltr'><strong>morborum,</strong></span> <span class='ocrx_word' id='word_1_84' title='bbox 981 2068 1089 2140; x_wconf 90' lang='lat' dir='ltr'><strong>quam</strong></span> <span class='ocrx_word' id='word_1_85' title='bbox 1109 2071 1204 2118; x_wconf 88' lang='lat' dir='ltr'><strong>mor·</strong></span> 
     </span>
     <span class='ocr_line' id='line_1_15' title="bbox 171 2166 1203 2265; baseline -0.011 -22"><span class='ocrx_word' id='word_1_86' title='bbox 171 2173 305 2244; x_wconf 89' lang='lat' dir='ltr'><strong>bcrrrm</strong></span> <span class='ocrx_word' id='word_1_87' title='bbox 331 2170 482 2262; x_wconf 80' lang='lat' dir='ltr'><strong>origines</strong></span> <span class='ocrx_word' id='word_1_88' title='bbox 508 2179 545 2239; x_wconf 92' lang='lat' dir='ltr'><strong>et</strong></span> <span class='ocrx_word' id='word_1_89' title='bbox 565 2191 703 2238; x_wconf 78' lang='lat' dir='ltr'><strong>caussas</strong></span> <span class='ocrx_word' id='word_1_90' title='bbox 723 2166 937 2261; x_wconf 90' lang='lat' dir='ltr'><strong>perscrutati</strong></span> <span class='ocrx_word' id='word_1_91' title='bbox 957 2179 1058 2252; x_wconf 80' lang='lat' dir='ltr'><strong>sunt:</strong></span> <span class='ocrx_word' id='word_1_92' title='bbox 1083 2169 1121 2240; x_wconf 91' lang='lat' dir='ltr'><strong>in</strong></span> <span class='ocrx_word' id='word_1_93' title='bbox 1142 2195 1203 2265; x_wconf 89' lang='lat' dir='ltr'><strong>pa.</strong></span> 
     </span>
     <span class='ocr_line' id='line_1_16' title="bbox 169 2289 1201 2389; baseline -0.004 -19"><span class='ocrx_word' id='word_1_94' title='bbox 169 2295 335 2389; x_wconf 83' lang='lat' dir='ltr'><strong>tholegia</strong></span> <span class='ocrx_word' id='word_1_95' title='bbox 362 2291 603 2384; x_wconf 81' lang='lat' dir='ltr'><strong>aetiologiam,</strong></span> <span class='ocrx_word' id='word_1_96' title='bbox 626 2293 666 2361; x_wconf 93' lang='lat' dir='ltr'><strong>in</strong></span> <span class='ocrx_word' id='word_1_97' title='bbox 685 2291 931 2385; x_wconf 77' lang='lat' dir='ltr'><strong>therapeutica</strong></span> <span class='ocrx_word' id='word_1_98' title='bbox 960 2289 1201 2384; x_wconf 89' lang='lat' dir='ltr'><strong>pharmaciam</strong></span> 
     </span>
     <span class='ocr_line' id='line_1_17' title="bbox 167 2413 1200 2517; baseline -0.004 -23"><span class='ocrx_word' id='word_1_99' title='bbox 167 2421 334 2517; x_wconf 85' lang='lat' dir='ltr'><strong>inprimis</strong></span> <span class='ocrx_word' id='word_1_100' title='bbox 348 2417 566 2495; x_wconf 85' lang='lat' dir='ltr'><strong>excolentes,</strong></span> <span class='ocrx_word' id='word_1_101' title='bbox 590 2437 687 2484; x_wconf 89' lang='lat' dir='ltr'><strong>more</strong></span> <span class='ocrx_word' id='word_1_102' title='bbox 702 2413 952 2496; x_wconf 86' lang='lat' dir='ltr'><strong>Orientalium,</strong></span> <span class='ocrx_word' id='word_1_103' title='bbox 977 2438 1093 2486; x_wconf 89' lang='lat' dir='ltr'><strong>rerum</strong></span> <span class='ocrx_word' id='word_1_104' title='bbox 1113 2445 1200 2514; x_wconf 85' lang='lat' dir='ltr'><strong>qua·</strong></span> 
     </span>
     <span class='ocr_line' id='line_1_18' title="bbox 169 2537 1197 2636; baseline -0.004 -18"><span class='ocrx_word' id='word_1_105' title='bbox 169 2545 310 2620; x_wconf 87' lang='lat' dir='ltr'><strong>rumvis</strong></span> <span class='ocrx_word' id='word_1_106' title='bbox 338 2542 490 2636; x_wconf 85' lang='lat' dir='ltr'><strong>origines</strong></span> <span class='ocrx_word' id='word_1_107' title='bbox 518 2561 729 2632; x_wconf 85' lang='lat' dir='ltr'><strong>caussasque</strong></span> <span class='ocrx_word' id='word_1_108' title='bbox 764 2537 1040 2609; x_wconf 84' lang='lat' dir='ltr'><strong>sciscitantium:</strong></span> <span class='ocrx_word' id='word_1_109' title='bbox 1076 2565 1098 2610; x_wconf 88' lang='lat' dir='ltr'><strong>a</strong></span> <span class='ocrx_word' id='word_1_110' title='bbox 1123 2567 1197 2636; x_wconf 91' lang='lat' dir='ltr'><strong>quo</strong></span> 
     </span>
     <span class='ocr_line' id='line_1_19' title="bbox 169 2661 1196 2756; baseline -0.008 -13"><span class='ocrx_word' id='word_1_111' title='bbox 169 2671 402 2743; x_wconf 82' lang='lat' dir='ltr'><strong>scientiarum</strong></span> <span class='ocrx_word' id='word_1_112' title='bbox 428 2664 472 2736; x_wconf 90' lang='lat' dir='ltr'><strong>fit</strong></span> <span class='ocrx_word' id='word_1_113' title='bbox 496 2663 535 2734; x_wconf 91' lang='lat' dir='ltr'><strong>in</strong></span> <span class='ocrx_word' id='word_1_114' title='bbox 565 2662 708 2733; x_wconf 91' lang='lat' dir='ltr'><strong>homine</strong></span> <span class='ocrx_word' id='word_1_115' title='bbox 735 2661 890 2754; x_wconf 85' lang='lat' dir='ltr'><strong>singulo,</strong></span> <span class='ocrx_word' id='word_1_116' title='bbox 923 2671 1042 2732; x_wconf 87' lang='lat' dir='ltr'><strong>aetate</strong></span> <span class='ocrx_word' id='word_1_117' title='bbox 1064 2665 1196 2756; x_wconf 86' lang='lat' dir='ltr'><strong>prima,</strong></span> 
     </span>
     <span class='ocr_line' id='line_1_20' title="bbox 160 2785 1196 2886; baseline -0.007 -19"><span class='ocrx_word' id='word_1_118' title='bbox 160 2792 315 2867; x_wconf 80' lang='lat' dir='ltr'><strong>initium</strong></span> <span class='ocrx_word' id='word_1_119' title='bbox 354 2788 488 2886; x_wconf 86' lang='lat' dir='ltr'><strong>quique</strong></span> <span class='ocrx_word' id='word_1_120' title='bbox 518 2785 756 2877; x_wconf 83' lang='lat' dir='ltr'><strong>cosmogonias</strong></span> <span class='ocrx_word' id='word_1_121' title='bbox 784 2785 861 2856; x_wconf 88' lang='lat' dir='ltr'><strong>illas</strong></span> <span class='ocrx_word' id='word_1_122' title='bbox 894 2807 937 2854; x_wconf 88' lang='lat' dir='ltr'><strong>ac</strong></span> <span class='ocrx_word' id='word_1_123' title='bbox 962 2785 1196 2882; x_wconf 75' lang='lat' dir='ltr'><strong>mythologias</strong></span> 
     </span>
     <span class='ocr_line' id='line_1_21' title="bbox 162 2906 1192 3010; baseline -0.007 -20"><span class='ocrx_word' id='word_1_124' title='bbox 162 2931 309 2992; x_wconf 68' lang='lat' dir='ltr'><strong>veteres</strong></span> <span class='ocrx_word' id='word_1_125' title='bbox 326 2916 483 3010; x_wconf 83' lang='lat' dir='ltr'><strong>peperit:</strong></span> <span class='ocrx_word' id='word_1_126' title='bbox 507 2909 604 2984; x_wconf 90' lang='lat' dir='ltr'><strong>unde</strong></span> <span class='ocrx_word' id='word_1_127' title='bbox 625 2907 830 2980; x_wconf 89' lang='lat' dir='ltr'><strong>sciscitandi</strong></span> <span class='ocrx_word' id='word_1_128' title='bbox 847 2906 1192 3004; x_wconf 85' lang='lat' dir='ltr'><strong>philosophandique</strong></span> 
     </span>
     <span class='ocr_line' id='line_1_22' title="bbox 157 3011 1219 3124; baseline -0.012 -9"><span class='ocrx_word' id='word_1_129' title='bbox 157 3043 312 3114; x_wconf 79' lang='lat' dir='ltr'><strong>initium</strong></span> <span class='ocrx_word' id='word_1_130' title='bbox 342 3040 573 3111; x_wconf 83' lang='lat' dir='ltr'><strong>factumest:</strong></span> <span class='ocrx_word' id='word_1_131' title='bbox 598 3033 685 3104; x_wconf 89' lang='lat' dir='ltr'><strong>dum</strong></span> <span class='ocrx_word' id='word_1_132' title='bbox 709 3031 750 3102; x_wconf 94' lang='lat' dir='ltr'><strong>in</strong></span> <span class='ocrx_word' id='word_1_133' title='bbox 773 3030 1020 3124; x_wconf 68' lang='lat' dir='ltr'><strong>therapeutica</strong></span> <span class='ocrx_word' id='word_1_134' title='bbox 1044 3055 1192 3124; x_wconf 88' lang='lat' dir='ltr'><strong>quaere-</strong></span> <span class='ocrx_word' id='word_1_135' title='bbox 1216 3011 1219 3018; x_wconf 37' lang='lat'><em>¹</em></span> 
     </span>
     <span class='ocr_line' id='line_1_23' title="bbox 157 3153 1190 3258; baseline -0.009 -20"><span class='ocrx_word' id='word_1_136' title='bbox 157 3167 257 3238; x_wconf 81' lang='lat' dir='ltr'><strong>bant</strong></span> <span class='ocrx_word' id='word_1_137' title='bbox 280 3162 485 3258; x_wconf 88' lang='lat' dir='ltr'><strong>praesertim</strong></span> <span class='ocrx_word' id='word_1_138' title='bbox 507 3180 635 3230; x_wconf 87' lang='lat' dir='ltr'><strong>arcana</strong></span> <span class='ocrx_word' id='word_1_139' title='bbox 663 3153 864 3226; x_wconf 88' lang='lat' dir='ltr'><strong>morborum</strong></span> <span class='ocrx_word' id='word_1_140' title='bbox 883 3166 920 3226; x_wconf 89' lang='lat' dir='ltr'><strong>et</strong></span> <span class='ocrx_word' id='word_1_141' title='bbox 940 3155 1190 3246; x_wconf 83' lang='lat' dir='ltr'><strong>longaevitatis</strong></span> 
     </span>
     <span class='ocr_line' id='line_1_24' title="bbox 157 3276 1189 3381; baseline -0.02 -20"><span class='ocrx_word' id='word_1_142' title='bbox 157 3301 205 3361; x_wconf 82' lang='lat' dir='ltr'><strong>et</strong></span> <span class='ocrx_word' id='word_1_143' title='bbox 226 3284 476 3381; x_wconf 85' lang='lat' dir='ltr'><strong>pulcritudinis</strong></span> <span class='ocrx_word' id='word_1_144' title='bbox 503 3281 678 3360; x_wconf 88' lang='lat' dir='ltr'><strong>remedia,</strong></span> <span class='ocrx_word' id='word_1_145' title='bbox 713 3290 892 3372; x_wconf 85' lang='lat' dir='ltr'><strong>tamquam</strong></span> <span class='ocrx_word' id='word_1_146' title='bbox 920 3276 1104 3348; x_wconf 87' lang='lat' dir='ltr'><strong>thesauros</strong></span> <span class='ocrx_word' id='word_1_147' title='bbox 1132 3303 1189 3354; x_wconf 82' lang='lat' dir='ltr'><strong>re.</strong></span> 
     </span>
     <span class='ocr_line' id='line_1_25' title="bbox 157 3400 1185 3496; baseline -0.008 -13"><span class='ocrx_word' id='word_1_148' title='bbox 157 3411 328 3483; x_wconf 77' lang='lat' dir='ltr'><strong>conditos</strong></span> <span class='ocrx_word' id='word_1_149' title='bbox 354 3431 397 3480; x_wconf 86' lang='lat' dir='ltr'><strong>ac</strong></span> <span class='ocrx_word' id='word_1_150' title='bbox 416 3408 578 3486; x_wconf 72' lang='lat' dir='ltr'><strong>,latentes</strong></span> <span class='ocrx_word' id='word_1_151' title='bbox 609 3403 790 3474; x_wconf 88' lang='lat' dir='ltr'><strong>interrae</strong></span> <span class='ocrx_word' id='word_1_152' title='bbox 821 3400 1034 3482; x_wconf 83' lang='lat' dir='ltr'><strong>visceribus,</strong></span> <span class='ocrx_word' id='word_1_153' title='bbox 1065 3406 1185 3496; x_wconf 86' lang='lat' dir='ltr'><strong>qualia</strong></span> 
     </span>
     <span class='ocr_line' id='line_1_26' title="bbox 136 3523 1185 3622; baseline -0.006 -15"><span class='ocrx_word' id='word_1_154' title='bbox 136 3535 308 3614; x_wconf 60' lang='lat' dir='ltr'><strong>‘metella</strong></span> <span class='ocrx_word' id='word_1_155' title='bbox 329 3545 429 3605; x_wconf 83' lang='lat' dir='ltr'><strong>sunt:</strong></span> <span class='ocrx_word' id='word_1_156' title='bbox 454 3551 604 3622; x_wconf 90' lang='lat' dir='ltr'><strong>quorum</strong></span> <span class='ocrx_word' id='word_1_157' title='bbox 621 3550 724 3602; x_wconf 88' lang='lat' dir='ltr'><strong>usum</strong></span> <span class='ocrx_word' id='word_1_158' title='bbox 740 3523 1066 3620; x_wconf 87' lang='lat' dir='ltr'><strong>pharmaceuticum</strong></span> <span class='ocrx_word' id='word_1_159' title='bbox 1084 3526 1185 3602; x_wconf 87' lang='lat' dir='ltr'><strong>hisce</strong></span> 
     </span>
     <span class='ocr_line' id='line_1_27' title="bbox 152 3651 794 3755; baseline -0.017 -25"><span class='ocrx_word' id='word_1_160' title='bbox 152 3658 381 3755; x_wconf 86' lang='lat' dir='ltr'><strong>potissimum</strong></span> <span class='ocrx_word' id='word_1_161' title='bbox 403 3655 588 3727; x_wconf 82' lang='lat' dir='ltr'><strong>inventum</strong></span> <span class='ocrx_word' id='word_1_162' title='bbox 612 3651 794 3724; x_wconf 82' lang='lat' dir='ltr'><strong>debemus.</strong></span> 
     </span>
     <span class='ocr_line' id='line_1_28' title="bbox 151 3770 1180 3874; baseline -0.006 -21"><span class='ocrx_word' id='word_1_163' title='bbox 151 3807 157 3818; x_wconf 92' lang='lat'><strong>·</strong></span> <span class='ocrx_word' id='word_1_164' title='bbox 220 3779 342 3874; x_wconf 85' lang='lat' dir='ltr'><strong>Atque</strong></span> <span class='ocrx_word' id='word_1_165' title='bbox 372 3779 423 3850; x_wconf 86' lang='lat' dir='ltr'><strong>ita</strong></span> <span class='ocrx_word' id='word_1_166' title='bbox 449 3801 513 3871; x_wconf 89' lang='lat' dir='ltr'><strong>per</strong></span> <span class='ocrx_word' id='word_1_167' title='bbox 537 3775 675 3848; x_wconf 84' lang='lat' dir='ltr'><strong>Arabes</strong></span> <span class='ocrx_word' id='word_1_168' title='bbox 705 3773 752 3844; x_wconf 87' lang='lat' dir='ltr'><strong>ab</strong></span> <span class='ocrx_word' id='word_1_169' title='bbox 782 3795 853 3842; x_wconf 92' lang='lat' dir='ltr'><strong>una</strong></span> <span class='ocrx_word' id='word_1_170' title='bbox 883 3781 983 3864; x_wconf 92' lang='lat' dir='ltr'><strong>parte</strong></span> <span class='ocrx_word' id='word_1_171' title='bbox 1022 3770 1180 3847; x_wconf 87' lang='lat' dir='ltr'><strong>Orientis</strong></span> 
     </span>
     <span class='ocr_line' id='line_1_29' title="bbox 150 3892 1180 3990; baseline -0.01 -12"><span class='ocrx_word' id='word_1_172' title='bbox 150 3905 278 3978; x_wconf 88' lang='lat' dir='ltr'><strong>cultus</strong></span> <span class='ocrx_word' id='word_1_173' title='bbox 302 3927 383 3974; x_wconf 84' lang='lat' dir='ltr'><strong>cum</strong></span> <span class='ocrx_word' id='word_1_174' title='bbox 405 3903 505 3974; x_wconf 91' lang='lat' dir='ltr'><strong>cultu</strong></span> <span class='ocrx_word' id='word_1_175' title='bbox 525 3898 742 3973; x_wconf 88' lang='lat' dir='ltr'><strong>Graecorum</strong></span> <span class='ocrx_word' id='word_1_176' title='bbox 769 3896 900 3965; x_wconf 90' lang='lat' dir='ltr'><strong>arctius</strong></span> <span class='ocrx_word' id='word_1_177' title='bbox 924 3892 993 3964; x_wconf 89' lang='lat' dir='ltr'><strong>luit</strong></span> <span class='ocrx_word' id='word_1_178' title='bbox 1010 3897 1180 3990; x_wconf 90' lang='lat' dir='ltr'><strong>conjunc·</strong></span> 
     </span>
     <span class='ocr_line' id='line_1_30' title="bbox 148 4019 1178 4121; baseline -0.01 -18"><span class='ocrx_word' id='word_1_179' title='bbox 148 4044 233 4113; x_wconf 70' lang='lat' dir='ltr'><strong>tus,</strong></span> <span class='ocrx_word' id='word_1_180' title='bbox 257 4029 303 4099; x_wconf 85' lang='lat' dir='ltr'><strong>ab</strong></span> <span class='ocrx_word' id='word_1_181' title='bbox 324 4027 434 4098; x_wconf 89' lang='lat' dir='ltr'><strong>altera</strong></span> <span class='ocrx_word' id='word_1_182' title='bbox 462 4047 545 4121; x_wconf 76' lang='lat' dir='ltr'><strong>sero</strong></span> <span class='ocrx_word' id='word_1_183' title='bbox 566 4032 682 4117; x_wconf 91' lang='lat' dir='ltr'><strong>parte,</strong></span> <span class='ocrx_word' id='word_1_184' title='bbox 704 4041 785 4090; x_wconf 90' lang='lat' dir='ltr'><strong>cum</strong></span> <span class='ocrx_word' id='word_1_185' title='bbox 807 4039 937 4090; x_wconf 84' lang='lat' dir='ltr'><strong>norum</strong></span> <span class='ocrx_word' id='word_1_186' title='bbox 963 4019 1178 4117; x_wconf 88' lang='lat' dir='ltr'><strong>principium</strong></span> 
     </span>
    </p>
   </div>
   <div class='ocr_carea' id='block_1_5' title="bbox 0 0 1456 4874">
    <p class='ocr_par' dir='ltr' id='par_1_6' title="bbox 0 0 1456 4874">
     <span class='ocr_line' id='line_1_31' title="bbox 0 0 1456 4874; baseline 0 0"><span class='ocrx_word' id='word_1_187' title='bbox 0 0 1456 4874; x_wconf 95' lang='lat' dir='ltr'><strong> </strong></span> 
     </span>
    </p>
   </div>
  </div>
 </body>
</html>
