2918 4868
459 1180 522 1254 DE
552 1177 799 1242 fllstotttt
825 1167 1124 1248 MORBORUM.

666 1424 753 1478 t’tutt
774 1425 920 1480 ttttut.

323 1697 507 1769 Hactenus
532 1693 739 1788 paudemias
758 1715 804 1761 co
828 1689 953 1762 ordine
985 1695 1220 1790 contemplati
1248 1722 1313 1768 su·

275 1844 378 1912 mus.
408 1845 480 1914 quo
514 1818 626 1890 altera
660 1818 808 1886 alteram
841 1829 964 1886 secuta
994 1829 1049 1888 est
1080 1833 1311 1915 cunctaeque

274 1944 522 2017 evolutionem
554 1943 800 2034 organicuum
829 1941 967 2032 generis
999 1938 1147 2014 humani
1177 1947 1311 2016 seriem

275 2067 480 2139 ostendunt.
530 2064 610 2136 Jam
630 2063 895 2156 pandemiarum
922 2063 1063 2134 illarum
1089 2069 1308 2162 contempla·

199 2219 205 2224 ·
272 2192 392 2262 bimur
408 2187 698 2282 complicationes
715 2197 754 2274 et
773 2187 1065 2281 compositiones,
1091 2212 1138 2260 eo
1153 2193 1309 2264 maxime
1436 2195 1437 2280 1

273 2314 442 2396 consilio,
467 2325 511 2384 ut
536 2297 715 2406 quomodo
737 2310 832 2381 iuter
851 2333 888 2386 se
913 2311 1147 2394 cohaereant,
1172 2335 1305 2408 eogno-

272 2451 415 2522 scatur,
447 2436 552 2507 initio
585 2434 684 2506 lacto
711 2457 732 2503 a
758 2434 882 2504 seculo
907 2433 1046 2506 decimo
1075 2447 1173 2508 sexto
1188 2490 1203 2519 ,
1232 2463 1305 2534 quo

271 2562 383 2656 pestis
418 2557 630 2657 petechialis
666 2542 777 2653 pestis
806 2557 974 2652 antiquae
1006 2561 1237 2654 aegyptiacae
1267 2574 1305 2634 et

271 2685 420 2780 syphilis
451 2686 572 2778 leprae
597 2682 781 2760 orientalia
811 2681 851 2752 in
873 2705 983 2774 regno
1011 2669 1236 2757 successores
1266 2696 1304 2758 et

271 2809 445 2880 haeredes
464 2809 579 2880 taturi
599 2809 702 2900 longe
721 2804 1072 2900 latequedomiuarc
1092 2819 1302 2900 coeperunt.

320 2935 397 3004 Hoc
415 2933 536 3002 seculo
551 2945 720 3002 nascente
740 2927 869 3006 saeviit
893 2928 1004 3022 pestis
1018 2927 1222 3022 inguinaria
1238 2953 1303 3024 per
1435 3025 1436 3032 ἵ

269 3079 411 3128 omnem
443 3055 630 3149 Europam.
679 3057 748 3126 Per
771 3053 913 3122 ltaliam
942 3051 1068 3122 autern
1090 3053 1300 3147 praesertim

266 3182 430 3274 regnarit
449 3179 583 3274 typhus
598 3174 830 3272 potechialis,
854 3175 982 3270 angina
999 3176 1158 3259 ulcerosa
1175 3179 1300 3278 malig-

267 3329 339 3386 na,
372 3305 449 3374 sive
474 3301 810 3396 pharyngotypbus,
842 3313 881 3372 et
910 3295 1222 3394 pneumotypbus,
1259 3301 1299 3369 iu

267 3430 400 3521 quibus
425 3414 566 3496 cunctis
587 3424 715 3493 horum
738 3437 936 3519 temporum
961 3423 1173 3494 constitutio
1188 3424 1296 3518 pesti-

266 3551 344 3621 lens
367 3547 558 3619 aminebet.
607 3525 796 3618 Eminebat
821 3546 953 3649 pariter
978 3546 1018 3616 in
1042 3545 1203 3617 febribus
1227 3561 1295 3616 ter·

267 3673 428 3745 tianariia
446 3670 643 3765 morboque
661 3670 860 3764 epidemico
877 3670 972 3741 inter
986 3671 1140 3762 juvenes
1153 3673 1193 3741 in
1211 3671 1293 3745 Gal·

264 3796 314 3866 lia
338 3807 532 3888 grassante,
558 3816 712 3887 quorum
738 3794 776 3862 in
801 3793 914 3864 altero
939 3815 1084 3862 mucosa
1108 3794 1293 3866 intestina-

262 3919 326 3999 lia,
351 3919 389 3988 in
410 3919 522 3996 altero
542 3919 637 3986 cutis
654 3916 903 3989 exanthemata
922 3917 1115 4010 petcehiali
1138 3921 1295 4012 prehen-

266 4067 306 4116 sa
331 4031 540 4122 ridebatur,
566 4051 718 4136 uterque
745 4064 830 4112 vero
855 4041 901 4112 ad
934 4039 1084 4134 typhum
1111 4044 1293 4137 petechia·
