2900 4874
407 397 871 462 Meanrnureclrn
1121 398 1159 460 la

120 574 252 647 borum
274 573 526 658 dissentiebat,
552 591 594 650 ut
620 601 737 649 rernm
763 593 912 652 naturae
932 588 970 648 et
995 589 1152 651 contem-

128 700 239 793 ptatio
273 712 310 771 et
343 699 542 772 observatio
567 702 774 774 viderentur
799 724 1001 774 consonare.
1049 704 1153 774 Sirni-

125 823 209 892 liter
228 821 413 916 therapeia
441 827 643 896 morborum
668 824 737 893 hoc
760 837 918 917 ternpore
943 825 1053 920 magis
1074 847 1155 919 pas-

124 947 221 1026 siva,
245 959 354 1039 quem
368 949 487 1017 active
507 948 595 1029 fuit,
619 949 752 1041 qnippe
770 969 861 1040 quae
880 949 1156 1032 evacuantibuS,

122 1048 406 1151 revehentibus,
440 1071 706 1151 derivantibns,
741 1069 1055 1154 humectantibus,
1090 1096 1158 1144 nu·

127 1193 325 1265 trientibus
350 1191 425 1264 fere
455 1196 724 1278 continebatur3
751 1193 795 1264 ed
825 1213 936 1289 quern*
957 1195 1159 1269 invitabant

128 1313 315 1409 sanguinis
347 1335 578 1413 vasorumque
611 1317 758 1388 turbae:
786 1315 1050 1410 congestiones,
1075 1320 1160 1391 hae·

127 1439 369 1532 merrhagiae,
390 1439 682 1511 inflammationes
697 1453 886 1536 motusque
904 1442 1048 1514 iebriles
1068 1444 1161 1514 etin

128 1558 193 1636 his
214 1585 340 1658 magma
360 1560 541 1658 ἄυτοκρατιῖα
560 1576 729 1645 naturae,
753 1588 845 1659 quae
867 1567 1074 1661 plerumque
1093 1567 1162 1638 sibi

131 1690 215 1782 ipsa
235 1687 396 1758 sufficere
420 1689 623 1784 morbisque
650 1687 784 1759 mederi
806 1686 1162 1780 deprehendebatur,

132 1833 202 1906 per
230 1822 346 1880 motus
374 1820 412 1880 et
440 1812 621 1881 molimina
651 1823 688 1881 et
719 1810 969 1880 emanationes
998 1812 1163 1894 criticas,

134 1945 242 2005 certo
270 1945 429 2028 tempore
454 1934 668 2028 statutisque
699 1931 836 2024 iegibus
862 1931 991 2018 iactas,
1024 1947 1067 2006 ut
1098 1937 1166 2004 mi-

131 2059 235 2130 nime
259 2057 386 2126 mirum
407 2057 472 2148 sit,
496 2057 694 2147 inscriptis
715 2055 881 2148 practicis
902 2058 973 2128 vim
995 2058 1166 2128 celebrari

134 2193 292 2252 naturae
314 2179 596 2258 medicatricem,
621 2200 713 2273 quae
735 2197 816 2248 cum
836 2180 952 2252 minus
971 2205 1035 2275 per
1053 2194 1168 2254 artem

134 2317 179 2376 et
196 2305 454 2376 medicamenta
470 2300 632 2376 adhibite
649 2301 868 2381 turbaretur,
891 2302 1038 2377 liberius
1058 2306 1170 2376 etiam

137 2449 283 2499 omnem
303 2437 516 2521 potestatem
542 2447 641 2497 suam
662 2445 822 2496 exserere
844 2435 882 2495 et
909 2430 1082 2522 explicare
1104 2452 1166 2522 po·

137 2563 248 2625 teret.

1163 2687 1169 2720 t

507 2763 805 2794 -ε-ηνυν-ι-ἰι-

454 2945 868 3012 Entstrrttsr

193 3181 341 3261 Febrem
362 3179 471 3256 inisse
499 3185 612 3255 morbi
636 3185 781 3256 formam
809 3209 851 3256 ac
876 3185 1050 3279 speciem,
1077 3184 1171 3254 cirea

142 3331 255 3408 quam
274 3309 550 3404 cognoscendam
573 3309 863 3402 Asclepiodorum
881 3317 919 3378 et
935 3309 1171 3378 flrnocmus·

143 3433 259 3527 ipsius
280 3431 461 3527 praesagia
476 3433 696 3534 potissimum
716 3431 965 3511 versabantur,
984 3427 1095 3526 'supra
1115 3433 1170 3502 in-'

145 3555 355 3628 dicavimus.
402 3555 562 3627 Necdum
592 3568 711 3627 tamen
741 3554 868 3625 exinde
890 3555 1060 3647 adparet,
1085 3579 1172 3648 qua·

145 3679 193 3752 tis
217 3679 359 3752 tandem
381 3679 494 3752 fuerit
507 3680 694 3750 character
712 3680 912 3749 morborum
939 3676 1117 3748 febrilium
1136 3691 1175 3752 et

146 3803 447 3902 phlegmasiarum
464 3805 503 3874 ih
520 3801 688 3884 Graecia,
713 3812 775 3872 aut
797 3803 877 3896 quis
901 3797 1086 3871 suh'hisce
1106 3801 1176 3872 ior-

150 3933 218 4000 mis
247 3911 404 4000 latuerit·
422 3927 565 4000 morbus
593 3929 757 4021 princeps
786 3919 834 3994 ac·
859 3924 1056 4020 primarius.
1104 3923 1174 3998 Hic

149 4066 274 4125 autern
293 4050 401 4154 fuisse
425 4049 567 4124 videtur
590 4051 819 4145 Erysipelca,

956 4165 976 4228 2
987 4170 1002 4226 t
