2834 4874
220 349 278 422 rar
495 299 961 424 turraurrrorrrs

217 551 325 632 super
345 535 576 632 malignitatis
595 535 780 633 eujusdam
803 534 947 610 subibat
967 545 1090 608 notam
1111 546 1150 612 et
1168 543 1253 610 oere‘

218 669 258 735 ta
282 659 367 730 satis
396 661 553 755 contagii
581 672 690 758 oque
720 660 894 756 pernioiei
916 682 1003 748 suae
1032 657 1254 734 dooumentn

218 781 392 857 dederat:
418 783 459 858 in
478 797 654 880 quantum
672 783 718 858 de
736 783 841 859 domo
860 785 898 856 in
920 781 1066 856 domam
1083 785 1254 880 serpebat

218 906 410 1002 pluresque
436 906 599 1004 ejusdem
623 904 779 982 familiae
797 918 837 982 et
855 907 1065 1005 praesertim
1080 930 1165 982 oum
1184 930 1254 982 ae·

218 1029 289 1125 gris
308 1029 517 1104 familiarius
531 1040 712 1105 versantes
730 1027 856 1104 eedem
871 1031 953 1104 labe
970 1029 1119 1109 inlesit:
1140 1029 1254 1130 quin·

221 1155 333 1236 etiam
360 1174 463 1226 renes
485 1175 528 1226 ao
551 1163 713 1228 maturae
738 1153 867 1228 aetatis
891 1153 1054 1230 homines
1078 1156 1209 1250 possim
1227 1177 1255 1229 e

219 1275 341 1352 medio
357 1276 513 1358 sustulit.
540 1317 586 1338 --
607 1277 696 1352 Esse
722 1277 818 1350 hane
840 1276 976 1352 febrem
1001 1279 1049 1352 do
1077 1278 1258 1352 intermit-

221 1402 377 1476 tentium
408 1422 538 1494 genere
572 1401 630 1472 rel
655 1400 742 1494 bine
773 1413 936 1476 eomsare
967 1402 1132 1485 ridetur.
1164 1404 1255 1502 quia

220 1524 367 1623 plurimi
396 1547 439 1596 ex
460 1524 586 1596 eedem
606 1524 882 1610 convalescunt.
915 1535 960 1597 ot
990 1526 1255 1618 aegrotantium

223 1650 286 1724 rix
309 1648 516 1720 millesimus
544 1647 718 1729 intereat.
749 1647 848 1743 quod
871 1646 918 1721 de
944 1635 1101 1745 sgnoolro
1132 1650 1257 1745 apide·

223 1775 319 1851 mioa
334 1773 393 1847 rix
409 1770 572 1844 auditum
586 1792 724 1844 censeo.
749 1769 882 1844 Differt
900 1783 1021 1844 autem
1037 1772 1128 1845 bueo
1142 1772 1255 1848 lebria
1403 1837 1409 1848 .

226 1897 411 1992 osulgari
434 1893 715 1967 intermittente:
751 1894 850 1992 quod
881 1894 976 1968 oiroa
1003 1896 1120 1968 morbi
1149 1895 1258 1970 initia

224 2020 422 2122 paroxysmi
453 2019 528 2089 sine
563 2015 694 2110 frigore
722 2029 787 2090 aut
812 2018 930 2112 rigore
956 2020 1158 2115 incipiunt,
1191 2015 1257 2104 sod

227 2142 472 2218 onm‘romitu
492 2141 627 2222 atroei,
653 2140 715 2210 siti
732 2152 771 2212 et
788 2141 906 2215 oelore
931 2143 1171 2216 intensissimo
1198 2167 1258 2216 ae·

226 2293 309 2368 gros
329 2269 393 2338 diu
419 2265 600 2358 affligunt:
625 2264 757 2359 quibus
780 2265 889 2338 sudor
917 2290 1021 2360 aegre
1047 2267 1260 2362 plerumque

227 2407 269 2470 et
285 2391 443 2489 partialis
464 2413 509 2460 ao
526 2411 631 2484 saepe
653 2391 876 2483 interruptus
898 2389 1080 2471 suoeedit,
1104 2415 1177 2485 quo
1199 2413 1263 2462 ao.

224 2519 345 2592 oessio
371 2539 445 2587 non
470 2511 542 2586 nisi
565 2512 672 2607 longo
693 2526 852 2610 tempore
872 2512 1008 2586 finitur.
1057 2513 1149 2586 Tum
1174 2515 1262 2612 quia

227 2653 314 2742 post
338 2640 482 2714 finitum
509 2659 754 2734 paroxysmum
784 2661 859 2710 non
888 2637 995 2710 datur
1022 2636 1129 2732 plena
1148 2638 1263 2714 inter·

228 2765 367 2844 missio
381 2783 497 2858 usque
526 2759 573 2832 od
606 2760 826 2857 apyrenum.
859 2762 946 2858 quia
979 2762 1117 2855 aegroti
1146 2786 1263 2860 usque

219 2870 378 2968 'manent
403 2886 564 2982 languidi
593 2876 632 2960 et
661 2883 856 2967 sitibundi.
888 2883 1009 2980 quoad
1038 2886 1263 2981 appetitum,

231 3037 396 3092 somnum
423 3023 461 3086 et
487 3023 629 3090 eaetere
663 3005 865 3080 accidentia
893 3030 931 3080 se
956 3007 1047 3080 male
1076 3007 1264 3084 habentes.

73 3174 77 3190 ·
228 3143 398 3235 Denique
412 3122 511 3233 quod
527 3134 633 3207 laeile
650 3155 715 3229 per
731 3129 933 3224 contagium
952 3131 991 3202 in
1008 3132 1095 3206 alios
1112 3135 1265 3210 subinde

230 3261 480 3368 propagatur.”
614 3303 616 3316 ·
1180 3343 1184 3349 .

230 3439 236 3448 -
292 3392 391 3464 liaeo
416 3383 537 3458 brevis
562 3382 688 3456 relatio
718 3379 828 3454 febris
850 3379 1122 3456 intermittentis
1152 3397 1267 3460 ostar·

232 3512 340 3588 rbum
362 3508 602 3605 epidemioum
622 3531 653 3578 a.
667 3503 771 3602 1658.
797 3525 1044 3598 praegressae,
1066 3531 1170 3604 queo,
1182 3522 1267 3584 utut

231 3637 415 3717 anomala,
448 3631 566 3704 minus
595 3641 694 3704 reeta
715 3640 835 3700 temen
863 3611 1064 3721 perniciosa
1094 3631 1266 3728 adpellari

233 3772 402 3832 meretur.
786 3763 790 3772 ’

170 3939 174 3946 ,
283 3883 363 3954 iem
386 3879 561 3976 aecipite,
585 3879 712 3955 eodem
738 3878 917 3954 Wmmsm
945 3875 1144 3962 referente,
1169 3901 1262 3976 quae

236 4005 479 4103 luerit-lebris
503 4026 582 4077 eam
604 4017 749 4082 secutae
772 4004 877 4078 ratio.
