2900 4874
225 370 265 436 rr
382 368 465 430 sur
498 366 681 428 sarnus
712 362 907 426 nonruro
938 365 1089 442 ouran

223 548 445 626 auctoribus.
468 569 559 640 quos
576 557 720 638 propter
747 543 882 614 Arabes
905 544 1068 630 imitandi
1087 544 1246 616 studium

222 676 406 750 Arabiates
424 669 633 762 compellare
651 667 786 758 solent,
812 680 997 761 tantopere
1020 668 1162 742 eminet.
1243 691 1247 723 =

270 803 347 871 Aut
380 793 545 874 omissas
563 803 626 862 aut
653 791 775 862 saltem
806 793 1028 886 negligenter
1046 791 1249 864 admodum

221 921 402 1021 proposita
429 917 671 1010 diagnostice,
705 916 760 986 de³
782 916 970 1009 aetiologia
995 927 1034 988 et
1059 915 1249 1010 therapeu·
1354 903 1356 906 Α

224 1048 297 1119 tice
319 1041 521 1112 morborum
549 1039 691 1132 copiose
707 1038 992 1131 disputaverunt.
1039 1039 1090 1110 Ex
1115 1038 1159 1110 iis
1182 1064 1249 1113 au·

224 1181 299 1240 tem
317 1165 464 1243 morbis,
488 1186 637 1258 quorum
658 1173 890 1254 symptomata
904 1165 1021 1257 paullo
1041 1147 1248 1237 adcuratius

224 1293 470 1368 tradiderunt,
495 1286 711 1392 dermatoses
738 1298 839 1366 sunt,
865 1297 941 1358 tum
968 1285 1158 1358 chronica:
1196 1292 1249 1360 lo·

223 1441 289 1520 pra
317 1427 355 1488 et
384 1409 650 1505 elephantiasis,
674 1421 752 1479 tum
772 1421 893 1480 acuta:
919 1412 1092 1495 variolae,
1116 1414 1248 1508 quibua
1361 1413 1366 1424 ’

204 1542 332 1616 ‚etiam
365 1533 518 1630 aphthas
553 1530 729 1602 inlautum
767 1532 897 1605 addere
932 1548 1083 1629 oportet.
1132 1538 1250 1618 Loca,

225 1687 318 1759 quae
350 1661 483 1754 lepram
522 1668 562 1726 et
591 1655 848 1750 elephantiasin
885 1670 1070 1750 spectant,
1104 1661 1249 1756 collegit

224 1786 325 1858 crud.
349 1785 530 1861 Haustus,
556 1779 733 1876 Eacerpt.
764 1805 798 1874 p.
822 1781 848 1851 1»
867 1805 941 1874 sqq.
966 1781 1010 1854 ad
1033 1807 1068 1877 p.
1088 1785 1144 1858 18.
1168 1787 1191 1854 Ι.
1208 1787 1250 1866 l..

227 1913 332 2003 cujus
353 1909 468 1977 ranas
487 1904 615 1974 formas
630 1928 682 1974 aa
704 1907 840 1998 speeies
869 1917 1057 1988 notarunt,
1081 1932 1168 2002 quas
1196 1920 1251 1980 ta-

227 2057 310 2105 men
326 2030 508 2106 subtilius,
533 2049 639 2120 quam
655 2027 796 2108 'verium
822 2028 928 2100 variis
946 2029 1154 2102 humoribus
1168 2055 1250 2125 pec.

229 2154 393 2228 cantibus
420 2149 627 2243 adjudicare
656 2149 854 2246 horumque
889 2149 1027 2224 ratione
1050 2154 1251 2226 discernere

229 2280 385 2350 student.
433 2273 602 2346 Similiter
639 2274 846 2358 ramularum
881 2277 1070 2346 varietates
1099 2279 1254 2350 tradide-

228 2414 314 2474 runt
342 2383 485 2492 hisque,
519 2408 561 2468 ut
591 2398 769 2480 vidimus,
792 2398 970 2468 morbillos
993 2398 1257 2494 adjunxerunt,

105 2613 108 2620 ¹
230 2550 320 2624 qnos
352 2547 394 2594 ex
426 2520 564 2593 theoria
597 2520 771 2592 humorali
802 2522 1014 2600 variolarum
1048 2522 1254 2596 biliosarum
1298 2573 1304 2584 ·

231 2650 375 2723 nomine
395 2645 641 2738 insignierunt.
805 2651 806 2658 ’

293 2775 452 2842 Fuerunt
480 2769 645 2840 universe
668 2768 786 2862 magis.
804 2769 947 2841 solliciti
973 2770 1012 2840 in
1040 2768 1258 2861 explicandis

214 2926 277 2974 ex
299 2892 508 2966 humoribus
530 2886 667 2963 'vitiatis
695 2892 900 2964 morborum
927 2893 1104 2964 natalibus
1129 2889 1258 2985 hisque

211 3013 616 3116 ¹aptandisJemediis,
649 3037 755 3108 quam
784 3015 823 3084 in
849 3015 1091 3108 describendis
1119 3015 1260 3086 morbo·

234 3167 314 3220 rum
337 3140 466 3234 signis,
497 3138 697 3208 ac'stadiis.
744 3137 795 3208 Ex
823 3137 936 3208 urinis
963 3151 1001 3209 et
1032 3138 1136 3231 pulsu
1167 3137 1259 3208 vati·

235 3270 331 3341 ninia
353 3265 486 3342 edere,
520 3283 629 3354 quam
653 3271 811 3332 ‘naturae
846 3257 1029 3356 processus
1058 3272 1181 3333 notare
1216 3281 1260 3330 ac

235 3390 403 3490 persequi
425 3385 614 3458 malebant.
663 3385 875 3458 Praesertim
895 3406 980 3456 varo
1011 3384 1178 3454 remediis
1204 3384 1263 3452 in·

234 3511 425 3588 ueniendis
451 3533 495 3578 ac
516 3509 706 3580 miscendis
726 3508 904 3578 navabant
935 3529 1095 3600 operam,
1119 3517 1162 3577 ut
1194 3531 1261 3600 po-

195 3676 201 3682 ·
237 3640 311 3710 tius
333 3637 604 3729 pharmaceutae
625 3643 764 3711 essent,
789 3652 895 3724 quam
910 3617 1057 3700 ¹niedioi.
1105 3631 1178 3702 Nec
1199 3630 1265 3700 mi·

237 3785 336 3841 sum,
360 3759 494 3830 idcirco
513 3779 577 3824 nos
592 3778 635 3826 ex
656 3754 796 3846 scriptis
812 3753 970 3824 Arabum
989 3753 1161 3824 hactenus
1182 3776 1265 3846 cogn
1289 3770 1294 3779 ·
1332 3795 1335 3804 ·

238 3889 325 3957 nitis
346 3885 389 3954 ad
410 3882 595 3954 scientiam
617 3877 819 3948 morborum
846 3901 888 3947 eo
920 3888 1077 3970 tempore
1104 3898 1263 3969 grassari·

239 4014 347 4094 tium,
373 4019 436 4079 aut
453 4005 667 4110 characteris
689 4002 880 4096 noaologici
898 4023 1023 4096 parum
1042 4002 1167 4096 utique
1183 4022 1265 4092 pro·
