2900 4874
560 581 769 622 «ψ»-

409 741 727 842 aouraouuu
756 745 928 812 unam.

212 955 315 1036 inter
345 963 519 1035 Romanos
549 972 688 1056 praeter
719 971 842 1030 acutos
872 960 1039 1054 plurimos
1069 961 1176 1033 inter·

146 1107 221 1184 que
250 1087 498 1182 eosinprimis
527 1087 644 1157 febres
664 1085 959 1167 intermittentes,
986 1086 1061 1182 typi
1083 1080 1174 1159 rarii

147 1212 343 1306 variaeque
372 1209 669 1304 complicationis,
704 1209 901 1302 complures
934 1211 1042 1280 etiam
1073 1211 1178 1282 chro-

148 1337 250 1406 nicos
286 1334 428 1406 morbos
469 1334 578 1405 luisse
612 1333 839 1413 observatos,
873 1331 1004 1406 docent
1045 1337 1175 1430 scripta

146 1457 458 1540 methodicorum,
481 1459 546 1553 qui
569 1457 614 1527 ad
632 1455 697 1525 hoa
715 1455 937 1548 potissimum
955 1460 1177 1529 animadver-

150 1591 289 1653 terunt.
336 1581 434 1650 Haeo
458 1584 587 1675 scripta
606 1578 853 1673 pervolvenlea
877 1582 1048 1651 continuo
1071 1581 1179 1652 inlel-

146 1705 318 1798 ligemus,
345 1727 406 1774 eos
434 1705 624 1797 praecipue
651 1700 697 1771 ad
722 1703 833 1772 vitam
862 1704 1044 1795 plasticam
1071 1705 1180 1796 perti·

148 1830 292 1900 nuiase:
318 1826 440 1922 quales
462 1839 544 1897 sunt
563 1824 752 1905 stomachi,
776 1824 1044 1906 intestinorum,
1069 1825 1177 1920 hepa-

147 1955 217 2034 tis,
238 1951 345 2021 lienis
368 1947 537 2019 affectus:
572 1958 712 2041 praeter
739 1945 804 2016 hos
830 1947 956 2039 capitis
983 1947 1057 2018 lere
1085 1971 1178 2018 mor..

147 2077 216 2146 bos
244 2073 373 2144 luisse:
410 2069 656 2164 cephalaeam,
690 2069 922 2162 epilepsiam,
958 2073 1174 2166 catalepsin3
1283 2073 1288 2086 '

144 2197 307 2291 denique
327 2193 505 2289 passiones
524 2193 740 2289 nephritieas
766 2204 874 2288 atque
893 2193 1102 2266 arthriticas.
1165 2247 1170 2262 .

359 2597 643 2679 LITHIASIS,
674 2597 964 2662 ARTHRITIS.

205 2793 443 2884 Romanorum
469 2809 632 2893 morbos,
662 2820 705 2880 ut
728 2807 962 2892 Graecorum,
994 2811 1174 2888 characte-

10 2939 11 2948 ’
136 2946 228 3006 'rem
259 2932 426 3004 habuisse
451 2933 751 3029 erysipelaceum,
785 2958 890 3030 supra
917 2936 1172 3020 indicarimus,

150 3055 241 3128 eum
252 3067 389 3136 tamen,
408 3067 451 3126 ut
469 3056 611 3150 opinor,
636 3057 745 3150 magis
764 3058 801 3127 in
820 3058 1095 3143 rheumaticum,
1120 3085 1174 3131 ar·

150 3177 356 3259 ibrilicum,
390 3179 601 3250 calculosum
628 3180 840 3273 proclivem,
874 3181 1085 3275 quibuscum
1113 3208 1175 3255 co·

148 3297 299 3374 haerere
331 3301 492 3372 morbum
521 3301 722 3372 cardiacum
751 3313 911 3373 velerum
941 3304 1172 3392 crediderim,

146 3447 257 3518 quem
282 3425 397 3496 cordia
421 3424 712 3496 rheumatismum
732 3424 840 3494 luisse
863 3429 1041 3520 auspicor3
1065 3431 1171 3527 eique

147 3545 303 3617 adfinem
318 3546 477 3617 morbum
491 3548 724 3629 calculorum,
745 3548 839 3619 orbis
850 3548 1000 3622 dominis
1016 3577 1088 3624 non
1103 3557 1169 3625 mi-

147 3691 232 3749 nus,
257 3693 364 3763 quam
391 3671 567 3764 podagra,
602 3685 745 3765 propter
769 3673 1025 3746 increscentem
1051 3690 1089 3748 et
1115 3679 1168 3750 in·¹

149 3792 324 3862 valentem
350 3794 543 3874 luxuriem,
567 3797 799 3866 notissimum,
1037 3893 1040 3896 Α
1188 3773 1192 3778 ’

195 3915 274 3996 Sic,
308 3914 604 4010 quemadmodum
635 3919 728 3988 inter
759 3916 912 3992 Graecos
941 3917 1166 4016 erysipelate,

146 4036 241 4110 inter
261 4039 436 4113 Romanos
458 4042 661 4121 rheumata,
679 4043 752 4114 sive
775 4044 894 4136 potins
911 4045 1115 4122 arthritides
1132 4063 1170 4122 et
