2872 4870
542 411 732 472 tussnls
773 409 977 474 Mtrcost.
1212 417 1266 480 171

242 595 312 688 per'
334 589 518 690 epislaxin.
567 583 748 661 Multoties
779 585 887 660 etiam
905 583 1078 662 febricula
1094 595 1269 688 quaedam

240 717 341 788 lenta
374 705 489 787 mo'rbi
512 703 697 808 'reliquias¹
717 714 871 807 expellit.
892 731 896 742 ·
919 710 1067 788 Transit
1087 707 1269 794 interdurn

238 842 281 912 in
303 829 599 911 intermittentem
626 851 688 908 aut
714 833 865 908 ictorum
875 847 886 921 ,'
909 839 1112 928 oedemata,
1137 837 1269 938 h'ydro·

240 987 334 1058 pem.
382 963 526 1036 Curatio
555 965 688 1056 optima
715 961 778 1054 pe'r
800 955 935 1032 leniora
960 983 1150 1053 nauseosa,
1183 965 1269 1039 sub·-

241 1087 411 1171 emetita,
435 1106 579 1159 rnuoum
608 1079 789 1165 ’solventia
812 1084 850 1158 rit
868 1079 1068 1182 pauxillum
1092 1081 1267 1187 camplio-

239 1225 323 1296 rae,
354 1187 492 1286 vermes
495 1206 677 1309 pellendi
705 1209 851 1282 'oonsilio
874 1222 912 1283 et
938 1211 1100 1294 sudores,
1126 1219 1267 1311 eaque',

238 1343 333 1432 quae
354 1334 479 1410 critica
500 1348 649 1408 naturae
672 1323 887 1404 molimina
872 1348 1014 1428 Juvant.
1062 1336 1193 1410 Crebra
1208 1362 1264 1411 re·

239 1459 358 1531 cidira
376 1474 439 1532 est.
488 1461 571 1532 Alia
584 1455 725 1554 'species
742 1453 855 1529 morbi
873 1459 1026 1555 maligna
1044 1456 1113 1545 e'st,
1138 1463 1265 1559 inqua

239 1581 486 1656 desiderantur
501 1585 675 1678 aphthae,
701 1596 857 1654 tumores
873 1579 1024 1674 pedum,
1047 1575 1178 1678 o'uique
1190 1581 1267 1678 grai

239 1733 302 1779 res
322 1706 619 1779 artuum'dolores
650 1703 784 1802 proprii
811 1698 913 1786 sunt,
940 1729 1021 1776 eum
1044 1717 1139 1779 statu
1159 1707 1263 1782 hitto:

239 1849 297 1913 so,
322 1843 386 1902 aut
403 1831 691 1911 inflammatorio,
717 1819 963 1914 authentiam
988 1843 1051 1902 aut
1068 1831 1145 1901 aliis
1169 1855 1264 1905 mor·

238 1953 294 2025 bis
327 1948 512 2050 jungitur,
548 1953 753 2050 praesertim
789 1951 990 2034 chronicis,
1030 1941 1260 2040 adcundatiri,

237 2075 334 2174 quod
352 2080 419 2150 sub
438 2079 694 2151 constitutione
714 2049 859 2146 mucosa
877 2075 956 2146 fieri
974 2073 1074 2148 solet.

285 2203 354 2274 Hic
377 2205 548 2298 generalis
574 2200 688 2272 morbi
708 2210 935 2293 conspectus,
961 2211 1066 2293 quem
1083 2203 1262 2277 illustrant

236 2327 452 2449 singulorum
486 2326 746 2419 aegrotantium
776 2325 964 2408 historiae,
1003 2325 1157 2422 quibus
1163 2333 1259 2402 varia

232 2441 341 2546 hujus
365 2452 499 2546 species
519 2449 737 2545 proponitur.
809 2457 813 2468 '
937 2465 940 2472 ·
1062 2458 1066 2472 ’

281 2575 387 2646 Haud
412 2559 590 2645 dissimilis
620 2583 768 2644 naturae
798 2581 892 2654 erat,
916 2595 1021 2668 quam
1051 2594 1081 2644 a.
1108 2572 1258 2650 1764.a

233 2691 355 2771 menae
392 2695 510 2794 Aprili
547 2719 664 2792 usque
695 2693 742 2766 ad
774 2694 882 2765 finem
914 2697 1077 2768 autumni
1112 2701 1261 2796 Neapoli

232 2832 446 2944 grassantem
473 2818 566 2940 vidit
592 2818 803 2914 epidemiam
829 2821 1009 2902 Sanconu,
1036 2823 1139 2916 cujus
1158 2827 1257 2918 signa

230 2927 372 3042 propria
398 2954 518 3016 erant:
551 2943 672 3036 lingua
699 2952 817 3014 crusta
845 2943 942 3026 alba,
976 2943 1109 3028 lactea,
1141 2953 1257 3020 ora'soa

231 3061 411 3150 obducta,
444 3053 537 3165 quae
568 3073 819 3162 saepenumero
853 3077 996 3162 quoque
1029 3070 1185 3162 palatum
1220 3076 1258 3144 et'

106 3223 109 3230 ¹
157 3189 159 3192 ’
230 3182 351 3267 larices
380 3191 542 3306 tegebat,
568 3191 828 3284 aprimoinde
853 3189 968 3259 morbi
995 3191 1072 3272 die‘,
1097 3193 1189 3288 quae
1217 3196 1256 3266 in

229 3305 306 3390 dies
336 3307 565 3397 mutabatur,
599 3315 762 3408 pallidior
795 3315 912 3396 saeta,
946 3297 1071 3384 relicta
1111 3313 1259 3389 tandem

228 3443 436 3537 praecipue
445 3442 483 3512 i'n
510 3442 613 3513 dorso
640 3439 781 3533 linguae
806 3439 980 3510 rubedine
1006 3443 1108 3509 sicca.
1157 3430 1256 3513 Pari·

228 3551 350 3639 ler'ab
367 3564 478 3635 'initio
500 3565 607 3682 sudor
633 3576 710 3635 erat
736 3566 1042 3660 symptomatum,
1067 3565 1180 3636 levior
1204 3568 1255 3638 ιιι·Ι

227 3694 321 3760 men.
377 3687 488 3762 Urina
514 3673 618 3782 porro
648 3712 783 3784 aquea,
818 3690 956 3771 tenuis,
989 3688 1154 3782 limpida,
1190 3700 1254 3762 aut

227 3808 391 3894 turbida,
421 3805 650 3902 inordinata;
686 3811 802 3906 gravis
840 3809 1004 3882 tandem
1016 3805 1253 3947 cephalalgia,

227 3935 303 4008 sire
323 3951 354 4007 a
382 3935 495 4006 morbi
524 3926 719 4030 principio,
744 3959 809 4006 seu
837 3935 948 4006 altera
972 3948 1036 4008 aut
1060 3939 1166 4007 tertia
1197 3919 1251 4006 le·

226 4059 300 4132 bris
318 4059 603 4143 exacerbatione,
631 4082 712 4131 euru
729 4075 864 4133 summa
891 4060 1046 4156 eorporis
1071 4059 1304 4132 lassitudi2,
