2872 4870
227 355 285 429 tea
581 333 881 424 o'nosast.

225 537 369 641 quium,
406 533 559 634 partium
589 553 810 614 externarum
839 538 1036 635 frigiditas,
1068 562 1148 613 cum
1177 539 1259 612 aliis

227 666 417 752 consimilis
455 677 561 736 notae
599 667 910 762 symptometibus,
946 689 1038 760 quae
1072 666 1259 737 adstantes

223 813 438 885 magnopere
466 790 785 882 perterrefaciunt,
822 804 932 886 atque
966 793 1257 882 etiem‘angusto

225 915 354 1010 viginti
370 925 523 1009 quatuor
542 911 707 984 horarum
724 915 838 1006 spatio
868 937 1012 1008 aegrum
1030 915 1256 986 interimunt.

274 1039 514 1130 Huicsuppar
535 1049 589 1108 est
608 1038 770 1110 cholerae
787 1034 913 1106 Indiae
929 1031 1139 1131 descriptio,
1166 1063 1254 1110 auc·

226 1176 302 1234 tore
330 1161 408 1240 Jac.
430 1161 571 1232 Bottrto.
619 1159 671 1230 Ea
696 1161 738 1232 fit
767 1183 846 1234 curn
873 1163 1022 1236 materia
1050 1161 1177 1232 biliosa
1209 1187 1254 1233 ac

225 1283 446 1382 praeterrida
468 1283 705 1356 ventriculum
729 1297 767 1356 et
798 1284 969 1356 intestina
992 1285 1164 1357 infestans
1178 1311 1251 1380 >per

130 1383 136 1398 ι
226 1409 343 1504 gulam
361 1407 466 1476 simul
490 1418 529 1478 et
548 1429 611 1501 per
632 1429 737 1476 anum
768 1409 938 1480 contiuuo
968 1409 1079 1480 ferme
1101 1431 1144 1481 ac
1169 1434 1251 1480 curn

200 1533 353 1624 'magna
392 1529 494 1623 copia
529 1530 701 1623 rejicitur.
758 1530 902 1602 Morbus
933 1545 987 1604 est
1026 1535 1252 1606 acutissimus

223 1655 379 1751 ideoque
399 1654 578 1748 praesenti
596 1667 677 1746 eget
692 1655 860 1724 remedio.
909 1657 1036 1727 Pulsus
1061 1659 1250 1730 admodum

226 1780 354 1850 debilia
385 1788 461 1859 est,
494 1776 680 1870 respiratio
711 1779 879 1860 molesta,
911 1779 1069 1851 membra
1104 1794 1251 1862 externa

226 1903 367 1997 frigent.
415 1901 517 1972 Calor
542 1896 734 1971 vehemens
761 1924 802 1972 ae
832 1902 908 1972 sitis
937 1905 1077 1977 interne
1101 1921 1249 2000 urgent,

227 2027 370 2120 vigiliae
398 2025 527 2096 adsunt
556 2035 761 2118 perpetuae.
820 2025 975 2098 Jactatio
1015 2031 1170 2124 corporis
1197 2034 1250 2103 in-

223 2147 463 2243 quietissima,
487 2145 628 2238 quaesi
648 2145 839 2222 comitetur
861 2149 1009 2243 frigidus
1027 2175 1069 2222 ac
1094 2154 1251 2225 foetidus

222 2272 333 2346 sudor
346 2321 363 2351 ,.
391 2279 540 2348 mortem
576 2270 620 2338 in.
649 2272 847 2368 propinquo
881 2297 979 2356 esse,
1017 2279 1250 2350 certissimum

222 2395 312 2468 ast.'’
1294 2382 1297 2388 ⁵

223 2583 226 2590 ,
268 2499 416 2590 ‘Morbus
442 2518 510 2588 iate
535 2516 721 2590 eudemius
748 2525 874 2597 Indiae
897 2551 928 2598 a.
951 2517 1054 2602 1817.
1080 2539 1117 2598 et
1132 2551 1250 2623 ocyus

227 2654 326 2714 ortus
350 2652 405 2712 est
433 2651 472 2711 et
499 2643 674 2724 atrocius,
708 2669 815 2742 quam
842 2651 948 2732 solet,
980 2650 1126 2733 saeviit,
1151 2673 1249 2720 more

223 2765 424 2861 ,epidemiac
447 2767 670 2858 contagiosus
692 2793 734 2839 ac
762 2774 928 2864 sequenti
956 2796 1049 2844 anno
1072 2775 1176 2870 longe
1200 2776 1250 2846 la-

218 2903 335 2986 ,teque
355 2887 562 2962 dominavit.
610 2891 761 2978 Initium
781 2879 858 2966 erat
877 2897 1086 2993 plerumque
1105 2923 1126 2968 a
1144 2921 1250 2970 sensu

220 3013 456 3110 plenitudinis
470 2987 676 3083 ‘ventriculi
700 3025 738 3084 et
764 3016 1060 3092 intumescentiae
1095 3022 1252 3092 abdomi-

219 3140 301 3219 nis,
335 3160 415 3209 cum
445 3159 578 3206 nausea
606 3147 643 3205 et
675 3125 852 3209 desiderio
881 3141 952 3212 alvi
983 3145 1249 3229 exonerandae,

220 3262 323 3358 quod
355 3260 526 3334 continuo
556 3259 772 3354 sequebatur
799 3265 954 3334 excretio
983 3270 1141 3338 humoris
1172 3271 1251 3340 lim·

219 3385 319 3479 piei,
352 3383 513 3468 inodori,
540 3407 620 3454 eum
648 3384 846 3467 anxietate,
881 3388 1047 3461 strictura
1060 3436 1063 3446 ·
1076 3396 1248 3486 pecteris,

205 3511 286 3582 siti
302 3520 342 3581 et
354 3517 457 3578 aestu
474 3507 625 3589 interno.
675 3508 782 3577 Brevi
808 3512 1027 3587 accedebant
1047 3519 1176 3610 spasmi
1195 3543 1248 3593 ar·

221 3646 336 3730 [tuum.¹
382 3629 513 3705 Pulsus
537 3628 610 3700 cito
633 3628 816 3713 decrevit,
830 3645 883 3705 ut
902 3639 1000 3732 tangi
1018 3662 1091 3710 non
1109 3655 1255 3735 posset5¹

218 3755 407 3848 respiratio
425 3753 539 3846 gravis
549 3803 569 3834 ,
585 3752 709 3824 celeris
723 3753 834 3828 fiebat
855 3782 898 3829 ac
914 3763 1146 3854 gemibuuda',
1172 3767 1249 3860 pal·

219 3881 345 3966 lebat,
369 3879 524 3959 livebat,
551 3877 702 3973 frigebat
734 3881 827 3952 eutis
855 3907 898 3954 ac
922 3887 1089 3960 madebat
1118 3891 1247 3965 sudore

219 4004 362 4098 fagido.
417 4005 541 4076 Facies
571 4003 836 4098 hippocratica,
870 4011 963 4081 eutis
998 4033 1143 4106 rugosa,
1182 4036 1250 4085 voa
