2834 4874
358 395 523 460 SUDOR
565 397 831 461 truncus,
1056 403 1111 464 101

74 582 225 654 rusticus
252 557 374 672 potius
395 575 441 646 ad
472 578 636 670 regiones
651 578 976 672 septemtrionales,
1001 605 1109 676 quarn

76 706 116 774 ad
133 706 303 796 regiones
336 701 586 770 meridionales
607 703 784 793 pertinet,
811 704 941 797 ecquid
960 706 1108 792 miruru,

76 843 113 896 cx
137 851 212 920 quo
235 826 388 918 Angliee
411 823 501 893 fines
521 846 660 916 egressa
677 836 748 908 est,
773 825 866 896 hanc
887 829 1110 919 pendemiam

74 950 264 1040 praecipue
276 947 631 1046 septemtrionales-in
646 948 809 1040 regiones
822 950 1006 1042 migrasse.
1023 952 1111 1029 dum

75 1074 109 1142 iu
131 1073 275 1165 reliqua
303 1071 467 1165 Europae
498 1081 602 1165 parte
627 1071 717 1140 oliae
749 1071 948 1165 epidemioe
981 1077 1109 1152 eodem

75 1194 139 1264 hoc
164 1206 329 1291 tempore
347 1206 546 1288 regnarent.
595 1195 773 1284 Deinceps
792 1197 902 1290 magis
918 1198 1111 1274 manifesto

76 1328 223 1410 systema
257 1328 451 1390 eutaueum
480 1316 674 1411 prehendit
701 1328 810 1413 atque
843 1320 911 1390 sub
939 1323 1109 1396 exanthe-

76 1441 174 1508 matis
201 1441 325 1532 specie
354 1441 509 1533 prodiit,
535 1442 578 1512 iis
603 1440 810 1535 praesertim
835 1442 943 1527 locis,
978 1448 1110 1540 quibus

76 1562 326 1634 dermetosium
349 1564 461 1635 forma
478 1566 588 1658 magis
614 1563 787 1656 vulgaris:
813 1577 856 1636 ut
880 1570 1111 1661 quemadmo-

76 1686 154 1756 dum
168 1689 328 1758 rariolae
340 1689 450 1781 pestis
463 1688 779 1767 exanthematicae‚
792 1686 946 1761 morbilli
958 1691 1110 1764 influen-

77 1831 132 1879 me
161 1811 496 1894 exanthematicae,
529 1811 718 1882 scarletine
749 1808 971 1904 erysipeletis
1003 1837 1110 1886 exau..

77 1933 256 2005 thematici
275 1935 429 2026 speciem
443 1933 629 2015 obierunt,
649 1933 701 2005 sic
716 1932 825 2004 febris
836 1935 983 2006 miliaris
998 1937 1107 2010 rheu·

76 2057 221 2127 roatisnri
237 2057 518 2128 exanthematici
534 2058 638 2128 nobis
653 2056 800 2126 sormam
816 2058 982 2150 praebet:
1006 2061 1105 2156 quod

75 2189 188 2250 utrum
209 2182 390 2252 mavelitis
421 2204 503 2254 cunr
531 2181 610 2253 aliis
638 2180 691 2250 rei
709 2179 930 2273 epidemicae
958 2183 1107 2278 scripto·

76 2301 167 2375 ribus
187 2305 405 2376 rheumatici
427 2328 610 2399 processus
633 2307 730 2395 ἅκμην
755 2304 953 2398 appellare,
979 2333 1043 2389 su,
1063 2323 1107 2386 ut

77 2428 156 2498 mihi
196 2431 368 2510 ridetur,
406 2429 584 2524 propriam
618 2451 747 2500 vocare
778 2427 888 2522 hujus
922 2454 1107 2524 processus

77 2548 237 2635 formam,
278 2555 367 2624 mihi
390 2554 539 2648 perinde
568 2563 641 2622 est:
675 2551 867 2623 dummodo
892 2551 962 2622 hec
994 2555 1040 2626 do
1068 2574 1109 2632 re

77 2672 163 2744 inter
190 2699 257 2746 uos
280 2680 492 2758 conveniat,
519 2688 557 2746 et
579 2675 716 2747 febrem
742 2675 970 2746 brittanicum
997 2691 1033 2750 et
1052 2679 1106 2751 ie·

77 2793 166 2868 brem
184 2803 360 2870 miliarem
383 2803 543 2895 ejusdem
567 2823 644 2870 esse
665 2799 775 2892 hujus
793 2822 978 2893 processus
999 2804 1106 2876 rheu-

79 2923 192 3008 matici
210 2925 427 3019 progeniem.

47 3053 54 3076 ¹
120 3045 177 3118 An
202 3049 325 3143 spinae
347 3047 524 3128 medulla,
550 3069 705 3141 organon
725 3045 817 3118 illud
846 3047 1103 3122 innerrationis

79 3168 254 3266 princeps,
291 3171 464 3265 quasdam
500 3171 670 3241 habuerit
698 3182 817 3264 partes
845 3170 884 3240 in
913 3171 1105 3266 ephemera

78 3285 185 3363 isthac
217 3293 450 3374 concitanda,
483 3293 608 3386 quaeri
632 3315 676 3362 eo
705 3292 833 3386 majori
855 3291 938 3385 jure
963 3309 1083 3387 posset
1091 3346 1103 3380 .

79 3418 239 3500 quoniam
258 3419 370 3512 ipsius
391 3417 429 3485 in
451 3413 688 3510 provocandis
706 3413 926 3486 reflectionis
945 3417 1107 3511 phaeno-

78 3538 181 3610 menis
199 3543 383 3611 notissima
407 3551 445 3609 et
465 3562 580 3632 nuper
600 3539 728 3610 melius
753 3539 920 3634 indagata
942 3553 1100 3633 potestas

80 3671 136 3726 est.
182 3664 241 3736 Ad
271 3687 378 3758 quam
411 3663 655 3756 quaestionem
678 3663 897 3735 adfirmando
931 3665 1104 3769 mihiere·
1144 3720 1146 3724 -

80 3785 313 3868 spondendum
335 3785 488 3856 videtur.
538 3787 670 3877 Nempe
692 3788 834 3880 sanguis
862 3786 1011 3870 crudus.
1036 3792 1102 3862 im.

80 3919 195 3990 purus,
233 3923 304 3979 tarn
334 3921 479 4002 propter
509 3907 771 4003 cacochyroiarn
798 3919 835 3977 et
863 3911 1101 4006 caoochyliam

79 4025 251 4128 principiis
297 4034 445 4115 alienis,
502 4025 584 4104 nec
612 4033 681 4104 rite
731 4031 888 4104 subactis
941 4048 1102 4116 scatens,
