2872 4870
249 383 311 450 20¹1
431 381 492 444 llll
533 379 729 442 monsls
768 381 1116 476 EVOLUTIOngs

247 575 291 636 ut
324 560 471 656 primam
501 571 655 632 aetatem
681 560 880 654 'orientales
910 575 1198 658 repraesentant,
1235 565 1288 636 sio

249 689 290 760 in
313 688 441 759 horum
461 685 593 755 morbis
607 683 806 778 pendentiis
824 684 1001 757 infantiae
1023 688 1153 770 uitam,
1181 673 1292 782 rege·

249 812 411 910 tatirarn·
425 809 543 888 illam,
564 808 756 880 sternimus.
805 809 908 884 Inter
929 809 1084 886 Graecos
1096 813 1290 910 rpueritiae

252 932 578 1032 morbosrigentes
607 932 778 1005 ridemus.
827 935 930 1007 Aeto
946 937 1071 1016 medio
1090 943 1291 1034 regnarunt

252 1057 368 1136 morbi
382 1057 626 1152 juventutis.
644 1057 724 1128 Hoe
750 1069 895 1140 autem,
911 1059 1069 1154 ¹quod
1036 1059 1212 1141 vivimus,
1240 1083 1293 1130 se-

254 1185 336 1288 etilo
360 1181 573 1280 declinantis
600 1181 728 1252 aetatis
756 1193 927 1254 notantur
957 1184 1081 1255 morbi
1093 1183 1292 1280 pandemii.

303 1295 480 1378 Plastieae
503 1306 599 1400 ritae
618 1305 769 1400 rigentis
792 1318 946 1378 aetatem
965 1308 1151 1380 declarant
1169 1308 1292 1402 lepra,

256 1431 404 1527 pestis3
401 1451 504 1526 tynae
518 1427 611 1500 iuter
630 1426 786 1502 Graecos
803 1432 943 1526 excepit
959 1432 1167 1526 erysipelas,
1182 1433 1291 1532 inter

255 1557 437 1652 Βᾳιιιᾳηοι,
452 1551 608 1624 ealeulus
627 1553 733 1646 eique
757 1553 884 1646 adfinis
909 1555 1078 1636 arthritis.
1185 1615 1190 1627 .

307 1679 439 1752 Aetate
467 1663 587 1748 media
614 1701 706 1748 mors
731 1680 832 1772 nigra
851 1690 901 1756 et,
919 1679 1050 1755 chorea
1078 1680 1196 1749 saneti
1208 1677 1294 1752 viti

259 1803 448 1898 designant
475 1801 682 1896 pulmonum
718 1815 756 1874 et
792 1803 1016 1896 genitalium.
1036 1804 1291 1901 evolutionem.

261 1930 416 2007 Seoulus
442 1936 497 1996 est
521 1925 814 2006 rheumatismos,
841 1925 1061 2006 soorbutos,v
1075 1927 1209 2022 typhus
1231 1948 1291 2021 pe·

259 2049 438 2124 techialis.
484 2049 558 2118 llos
576 2059 794 2140 exceperunt
811 2049 940 2143 typhus
960 2035 1212 2134 abdominalis,
1239 2053 1291 2121 in-

261 2173 518 2257 termittentes,
542 2170 706 2253 molera,
731 2170 842 2242 verbo
855 2174 974 2246 morbi
991 2175 1216 2248 autumnales
1239 2199 1294 2276 aa·

261 2296 418 2392 totisque
430 2294 842 2390 ,senescentimtgenre
866 2307 1054 2390 systemate
1078 2297 1293 2392 abdominali

264 2439 463 2492 renosoae
483 2427 671 2512 systemate
696 2431 889 2516 portorum·
936 2419 1024 2516 Nem
1052 2423 1294 2520 evolutionem

265 2535 427 2637 sequitur
450 2539 645 2623 involutio,
674 2541 873 2615 dominium
892 2544 1293 2644 arteriarum-sequitur

265 2666 462 2742 donriuium
482 2686 653 2736 venarum
672 2678 710 2738 et
731 2667 1106 2742 eonstitutio-venosa.
1190 2759 1196 2766 ,
1229 2755 1234 2764 ,
1261 2697 1268 2707 ·

315 2791 408 2890 Sunt
436 2799 555 2859 tamen
579 2789 755 2883 quaedam
779 2790 937 2862 notanda
967 2791 1061 2863 eirea
1090 2792 1296 2888 pandemias

266 2915 345 3018 illes
366 2911 594 2985 mundanae..
620 2911 754 3009 Nempe
777 2914 875 3009 quod
890 2916 1072 3012 rulgoah
1092 2916 1231 3012 priente
1253 2913 1296 2986 ad

267 3038 492 3110 oeeideutem
511 3038 709 3130 migrarunt
731 3029 900 3132 quodque
921 3039 960 3108 in
981 3039 1123 3134 Europa
1141 3042 1295 3136 peculia·

268 3187 345 3236 rem
364 3162 562 3233 induerunt
587 3158 833 3234 ehaaaoterem
851 3185 1084 3256 europaeum,
1109 3177 1219 3261 etque
1246 3163 1297 3236 di·

269 3284 468 3360 terrimode
499 3284 714 3377 compositae
743 3307 996 3382 saepenumero
1027 3310 1137 3361 noras
1171 3297 1294 3394 nautae

271 3422 355 3484 sunt
372 3408 509 3484 formas.
532 3407 612 3478 Hoe
628 3420 734 3501 paeto
749 3408 859 3500 pestis
876 3409 1076 3502 inguinaria
1094 3413 1138 3482 in
1151 3380 1294 3508 typlium

269 3531 531 3630 peteehielem,
564 3529 668 3601 hie'
657 3555 696 3602 ιιι
726 3530 883 3624 typhum
908 3532 1169 3606 abdomiualern
1201 3535 1296 3606 abiit.

272 3658 497 3752 Leprosum
523 3653 656 3752 morbis
689 3655 896 3747 genitalium
927 3660 1129 3749 procreavit
1141 3630 1295 3756 syphili-

270 3781 367 3859 'dem,
414 3777 467 3850 Ex
489 3777 633 3848 cholera
660 3779 824 3860 asiatica,
861 3780 972 3851 altero
1000 3783 1137 3853 renisus
1166 3781 1294 3854 stadio,

274 3899 409 3999 prodiit
417 3899 555 3996 'typhus
568 3899 775 3972 eholerieur.
801 3902 999 3997 Erysipeles
1021 3913 1293 4004 reterurntraus·

274 4029 327 4102 iit
355 4025 394 4096 io
423 4023 715 4097 rheumatismum
752 4027 1012 4112 recentiorum,
1044 4043 1228 4129 postquam
1256 4043 1294 4138 et
