2900 4874
197 346 202 353 ’
326 397 346 458 c
552 389 731 456 rasrrs
765 387 1123 456 ncrrrroaura

329 572 449 672 paullo
478 567 683 644 adcuratius
713 593 927 664 exponamus
958 572 1004 644 da
1030 573 1144 666 prima
1179 573 1360 646 hactenns

189 703 191 714 ’
308 696 472 794 ¹cognita
496 694 611 766 morbi
641 695 842 788 pestilentis
869 695 1127 790 descriptione,
1157 699 1361 794 percelebri

327 823 392 894 illa
420 820 515 915 apud
543 821 795 892 Tnncrnrnau:
820 818 1110 915 quandoquidem
1138 823 1363 917 antiquiores

218 993 221 1000 ·
330 947 544 1026 relationes,
568 942 665 1037 quod
687 943 867 1025 dolemus,
891 944 993 1014 nobis
1016 943 1145 1018 desint.

379 1074 621 1167 symptomata
651 1065 766 1136 morbi
796 1065 887 1136 haec
915 1066 1039 1139 fuere:
1074 1070 1200 1166 capitis
1225 1069 1365 1139 calores

331 1196 471 1276 acerbi,
494 1192 676 1265 oculorum
689 1187 799 1261 rubor
816 1187 1106 1263 etinflammatio.
1132 1193 1284 1264 Inteme
1299 1217 1363 1264 au-

333 1332 406 1393 tem
424 1317 582 1413 pharynx
600 1326 637 1385 et
659 1315 781 1406 lingua
806 1314 924 1384 statim
945 1326 1047 1385 erant
1067 1291 1362 1410 sanguinolenta,

331 1444 419 1516 dum
444 1440 578 1510 halitus
606 1438 678 1508 oris
705 1436 937 1508 emittebatur
963 1437 1126 1510 insolitus
1152 1452 1191 1511 et
1208 1439 1362 1511 foetens.

333 1563 473 1639 Deinde
497 1562 552 1632 bis
582 1559 777 1633 accedebat
798 1563 1011 1633 sternutatio
1036 1575 1074 1635 et
1091 1563 1259 1634 raucedo.
1295 1563 1365 1634 Ne·
1430 1643 1431 1650 ἵ

332 1716 405 1788 que
429 1686 543 1760 multo
564 1697 646 1779 post
664 1684 763 1754 dolor
781 1683 825 1754 ad
847 1696 974 1778 pectus
991 1687 1252 1771 descendebat,
1280 1710 1363 1760 cum
1430 1712 1431 1770 t

333 1815 425 1888 tussi
447 1808 663 1884 vehementi.
689 1805 831 1878 Morbus
857 1819 976 1880 autem
990 1810 1112 1893 simul,
1136 1812 1198 1882 ubi
1219 1813 1260 1884 in
1285 1834 1363 1883 car·

333 1940 396 2012 dia
419 1960 457 2008 se
483 1935 627 2010 fixerat,
651 1953 729 2000 eam
750 1931 979 2030 subvertebat
1000 1945 1038 2006 ct
1060 1935 1141 2008 bilis
1162 1939 1363 2032 ejectiones

332 2071 479 2164 secutae
497 2065 600 2136 sunt,
625 2076 706 2124 curn
726 2076 853 2148 magno
873 2057 1045 2128 cruciatu.
1079 2058 1264 2154 Singultus
1287 2060 1363 2154 ple·

334 2187 455 2280 risque
482 2179 616 2253 accidit
645 2176 782 2259 inanis,
813 2177 909 2248 unde
939 2173 1122 2254 convulsio
1156 2181 1362 2256 vehemens.

334 2311 434 2383 Cutis
468 2316 612 2379 externe
641 2324 715 2373 non
740 2300 929 2372 admodum
961 2304 1117 2386 calebat,
1141 2329 1261 2400 neque
1285 2316 1362 2377 erat

333 2431 485 2532 pallida,
515 2427 579 2498 sed
606 2426 732 2508 rubra,
764 2425 899 2508 livida,
931 2426 1153 2521 phlyctaenis
1177 2432 1297 2522 parvis
1325 2438 1362 2499 et

333 2553 516 2629 ulceribus
545 2574 740 2646 conspersa.
788 2551 936 2622 Inteme
966 2573 1052 2622 vero
1081 2575 1207 2647 corpus
1237 2553 1363 2646 flagra·

333 2681 417 2763 bat,
440 2690 483 2750 ut
503 2674 738 2771 stragularum
763 2685 942 2768 tegmenta
966 2675 1063 2770 aegri
1092 2699 1166 2746 non
1196 2687 1363 2770 patercn·
1429 2747 1430 2750 ,

333 2816 413 2910 tur,
438 2800 503 2874 red
528 2799 670 2872 nonnisi
693 2797 830 2869 nudum
856 2797 988 2869 habere
1013 2802 1147 2873 vallent
1168 2812 1206 2871 et
1224 2797 1362 2894 praeci·
1429 2787 1430 2862 l

332 2951 405 3024 pne
443 2925 484 2998 in
515 2947 644 3018 aquam
682 2921 846 3017 frigidam
874 2945 912 2992 se
941 2923 1089 3017 injicere
1116 2903 1362 2995 desiderarent

333 3050 510 3144 multique
531 3047 571 3118 in
592 3057 722 3141 puteos
745 3071 783 3118 se
806 3046 1055 3139 conjecerunt,
1080 3047 1140 3118 siti
1166 3045 1360 3120 insatiabili

332 3159 471 3262 vexatis
495 3172 581 3243 dum
600 3182 719 3240 tamen
741 3169 868 3241 eodem
896 3169 1121 3253 revertebat,
1145 3171 1298 3242 multum
1316 3191 1361 3238 an

332 3320 460 3394 parum
492 3293 669 3367 biberent.
722 3292 931 3368 Accedebat
960 3291 1034 3364 huc
1065 3292 1208 3388 inquies
1234 3314 1362 3389 perpe·

334 3433 469 3516 tuaque
495 3417 626 3511 vigilia.
675 3415 855 3510 Quamdiu
879 3414 1022 3487 morbus
1045 3416 1204 3509 rigebat,
1231 3435 1358 3509 corpus

333 3555 456 3617 tamen
484 3563 558 3614 non
584 3539 878 3623 exhauriebatur,
902 3562 1028 3613 verum
1053 3551 1194 3633 praeter
1219 3541 1359 3635 opinio·

334 3643 418 3740 nem
442 3665 593 3735 miseriis
617 3665 824 3753 resistebat,
848 3664 900 3735 ita
919 3675 961 3736 ut
988 3665 1133 3759 plurimi
1158 3665 1235 3759 ipso
1256 3673 1358 3734 aestu

333 3791 477 3864 interno
501 3787 749 3871 auferrentur,
779 3810 875 3860 nono
904 3799 967 3862 aut
996 3787 1146 3882 septimo
1172 3789 1250 3872 die,
1275 3786 1359 3859 riri-

333 3915 402 3988 bus
439 3935 512 3984 non
554 3933 697 4005 prorsus
733 3912 910 3985 destituti.
965 3913 1003 3986 si
1033 3922 1111 3984 tum
1150 3911 1358 4005 effugissent

336 4049 506 4120 mortem,
530 4047 717 4132 postquam
737 4034 784 4109 ad
810 4037 985 4111 abdomen
1006 4038 1151 4112 morbus
1171 4030 1357 4111 descendit
