2834 4874
240 375 284 440 80
436 375 559 440 Monet
580 377 690 438 oams
710 373 808 436 NOVI.
830 405 869 424 *-
890 371 1071 440 stratus

242 555 437 652 postulata,
454 557 530 636 sibi
550 568 776 647 sumpserunt
803 557 1037 649 explicandas.
1085 557 1145 630 Ad
1170 575 1287 644 causa*-

243 665 299 752 sas
319 701 402 754 vero
425 679 601 759 internas,
626 680 758 772 inipso
778 683 974 774 organismo
1003 683 1136 774 positas
1159 696 1270 778 amna

239 829 285 879 cx
303 803 502 896 organismo
523 803 757 896 prodeuntes,
791 805 1043 879 animadvertit
1062 829 1177 878 namo.
1206 811 1272 880 At·

240 931 307 1026 qui
334 942 453 1003 tamen
473 926 565 996 nihii
590 939 741 1008 naturae
769 928 880 1020 magis
906 942 1182 1000 consentancum
1195 943 1272 1010 est.

241 1057 372 1156 Nonne·
390 1077 482 1134 unus
507 1054 685 1146 idemque,
703 1050 846 1134 morbus
868 1049 991 1122 differt
1018 1053 1087 1125 alia
1113 1057 1271 1148 corporis

244 1179 449 1250 conditione
470 1189 507 1248 et
531 1200 649 1247 nonne
670 1188 828 1246 rnutatae
853 1173 987 1259 [cratae
1013 1176 1105 1248 ratio
1133 1177 1172 1248 in
1194 1179 1274 1273 ipsa,

238 1303 315 1377 hac
333 1302 521 1396 organismi
537 1300 777 1393 discrepantia
800 1310 898 1369 reete
912 1299 1082 1392 ponitur?

239 1476 242 1493 .
294 1425 430 1520 Quodsi
458 1426 629 1518 igiturex
657 1424 869 1494 testimoniis
899 1436 1084 1508 auctorum
1110 1424 1210 1518 lepra
1235 1437 1273 1510 et

241 1551 392 1648 syphilis
404 1550 524 1621 seculo
546 1548 830 1643 decimoquinto
849 1547 984 1618 adfines
1004 1547 1139 1628 inerint
1156 1550 1273 1632 morbi
1292 1535 1295 1540 ¹

156 1659 164 1672 '
240 1677 399 1770 species,
423 1698 467 1744 co
486 1683 626 1742 tantum
652 1670 795 1745 nominc
822 1670 1012 1754 distantes,
1037 1673 1138 1765 quod¹
1156 1675 1195 1742 in
1220 1699 1274 1767 sp,

238 1800 381 1897 ‚philide
408 1795 628 1868 adiectiones
663 1794 772 1886 magis
796 1795 842 1864 ad
871 1795 1064 1888 generandi
1094 1796 1273 1880 officinam

239 1932 469 2019 spectarent,
504 1919 680 2012 numquid
704 1917 802 2000 aliud
832 1920 1014 2011 sequitur,
1039 1943 1149 2013 quam
1176 1923 1274 2016 quod

243 2050 304 2120 ille
332 2041 696 2146 rnetsschcmatismus
718 2040 909 2132 originem,
940 2039 1076 2112 iontem
1103 2067 1146 2114 ao
1176 2047 1275 2138 prin-

240 2172 381 2266 cipium
405 2166 555 2237 haberet
572 2164 611 2234 in
632 2163 907 2256 metamorphosi
925 2165 1098 2256 peculiari
1118 2188 1162 2237 eo
1185 2179 1274 2254 tem7

239 2320 330 2392 -pore
357 2304 434 2363 orta
466 2287 653 2381 organismi
669 2287 816 2381 ,generis
837 2287 1004 2370 humani,
1036 2289 1139 2383 cujus
1170 2303 1274 2386 typus

241 2419 400 2493 habetur
419 2415 458 2487 in
480 2413 576 2484 vitae
597 2411 761 2505 genitalis
781 2412 999 2486 evolutione.
1042 2479 1047 2496 ,

293 2545 423 2636 Itaque
442 2560 510 2610 nec
530 2537 742 2608 constitutio
765 2535 988 2616 scorbutica,
1011 2559 1080 2608 nec
1098 2541 1274 2612 constitu·

238 2669 298 2740 sio
317 2665 465 2760 typhosa
486 2659 674 2755 pandemia
702 2659 811 2752 hujus
829 2683 944 2733 novae
968 2661 1177 2756 invisosque
1205 2666 1277 2742 luis

245 2803 325 2887 erat
351 2786 583 2882 principium
615 2784 677 2854 sed
708 2785 833 2877 genius
856 2785 969 2870 seculi
987 2787 1138 2858 sexualis
1160 2811 1203 2860 cx
1216 2789 1275 2874 ⁴la·

238 2939 311 3011 pra
349 2911 552 2982 dominante
591 2910 791 3001 procreavit
828 2909 1061 3002 syphilidem,
1093 2909 1276 2996 'futurum

239 3036 348 3130 regni
377 3033 580 3107 haeredem.
627 3033 775 3112 Habetis
800 3035 869 3107 siri
891 3031 1066 3126 ingeniosi
1091 3033 1276 3128 conjectu-

239 3185 342 3241 ·ram,
374 3181 446 3251 qua
479 3157 525 3228 ad
553 3178 627 3226 rem
658 3156 842 3238 obscuram
876 3157 1133 3238 illustrandam,
1155 3181 1274 3254 neque

237 3281 520 3381 probabiliorem
538 3281 641 3363 nori,
665 3305 734 3360 nec
752 3283 861 3375 magis
885 3281 1130 3376 adaequatam.

239 3439 245 3464 ¹
296 3412 485 3501 Superest,
512 3416 555 3478 ut
582 3403 628 3479 de
651 3405 736 3498 ipsa·
757 3404 942 3499 syphilidis
968 3405 1134 3498 progenie
1159 3389 1277 3500 pauca

246 3534 399 3611 addam,
434 3551 506 3620 quo
536 3528 798 3606 adcuratiorem
825 3529 928 3603 nohis
960 3529 1132 3603 iaciamus
1164 3532 1277 3627 hujus

236 3655 455 3756 uumerosae
475 3649 629 3756 iamiliae
649 3652 823 3736 notitiam.

302 3780 362 3852 Ad
385 3773 621 3873 syphiloides,
655 3787 801 3847 auctore
822 3759 1083 3871 Quianam,
1116 3779 1280 3868 scierun-

235 3918 332 3978 .tur:
370 3900 545 3994 pellagra,
584 3901 792 3992 spyrocolon
833 3900 1043 3996 (scarlicro)
1081 3904 1279 3998 -radesygc,

235 4022 509 4132 „spedalskhed3
534 4023 772 4108 crstinismut,
804 4049 957 4119 quorum
982 4027 1044 4099 alii
1067 4029 1112 4098 ad
1135 4027 1283 4122 syphili-
