2834 4874
257 411 313 472 136
559 407 983 468 DYSBNTERM.

261 587 396 662 ceratio
419 585 560 658 subest:
588 585 724 656 sivero
755 605 827 656 non
857 585 960 656 valde
987 585 1223 666 misceantur.
1249 570 1292 658 in

176 683 181 696 ’
260 710 490 784 crassioribus
508 710 619 789 latet,
639 709 729 782 situs
752 719 871 779 tamen
896 707 1027 780 doloris
1049 712 1173 802 peritis
1202 733 1293 784 ana·

261 833 403 909 torniois
429 831 566 902 indieat
584 833 702 904 loeum
723 831 894 904 affectum
913 833 1105 925 proprium.
1153 834 1294 927 Dysen·

260 959 353 1032 teria
371 957 450 1037 itta.
467 975 559 1050 quae
572 953 661 1026 uitio
676 953 811 1048 jecoris
832 955 1004 1048 obtingit.
1030 957 1192 1028 obsessae
1209 979 1295 1050 par·
1410 973 1411 998 ³

259 1083 307 1152 tis
322 1079 540 1175 praestantia
556 1101 682 1172 magna
704 1089 781 1160 ost.
806 1101 889 1150 enm
909 1089 1182 1176 symptomatum
1195 1103 1296 1172 mag·

259 1205 438 1275 nitudine.
486 1199 695 1294 Quaeram
718 1199 765 1270 ab
794 1201 916 1275 uleare
946 1201 1102 1297 pandet,
1134 1213 1296 1296 sympto⁴

258 1337 397 1400 matum
422 1335 562 1399 tantum
587 1323 834 1418 magnitudine
866 1347 992 1419 magua
1018 1323 1214 1407 censendo,
1251 1335 1297 1398 nt

261 1450 407 1533 dolore,
443 1445 599 1542 vigitiis.
635 1460 673 1518 ot
703 1448 911 1542 praesertim
942 1448 1161 1530 atrabilaris,
1195 1471 1296 1543 quae
1411 1437 1412 1448 ²

258 1574 415 1670 maligno
431 1584 505 1657 ost,
530 1584 608 1646 tum
626 1571 700 1643 iero
718 1575 850 1659 omnis,
872 1597 968 1672 quae
987 1573 1034 1644 ob
1052 1571 1176 1645 uisere
1194 1572 1298 1660 exoi·

258 1699 397 1804 tatur.''⁸

306 1821 448 1898 Citatur
464 1821 575 1895 etiam
591 1821 749 1894 Csaosm
761 1823 862 1903 Prso,
886 1820 991 1916 eujus
1008 1819 1141 1894 librum
1156 1819 1205 1894 da
1225 1820 1296 1917 dy·
1412 1903 1413 1914 ἵ

260 1946 416 2020 senteria
442 1945 620 2039 impioere
647 1969 720 2016 nou
749 1947 870 2029 lionis.
899 1955 938 2018 et
963 1963 1036 2018 vars
1063 1963 1137 2016 nea
1163 1945 1297 2020 Herna

259 2081 299 2142 et
315 2069 375 2139 alii
394 2069 529 2162 paritor
545 2067 678 2162 ignoti,
702 2068 835 2164 quibus
854 2081 894 2141 et
913 2071 1157 2142 saussaium
1176 2070 1295 2142 notis-
1317 2165 1322 2172 Ι

258 2191 388 2262 simum
410 2192 564 2285 jungere
579 2203 738 2287 opertet,
754 2194 819 2289 qui
829 2193 983 2266 Londini
998 2217 1030 2264 a.
1043 2191 1297 2270 loos-1672.

259 2313 498 2408 dysenteriam
523 2329 605 2410 post
628 2330 766 2412 pestem
793 2341 824 2388 a.
849 2315 1093 2390 roos-loeo
1118 2319 1221 2412 sequi
1242 2321 1297 2392 vi·
1411 2305 1414 2380 Ῐ

258 2435 334 2519 dit,
363 2439 468 2534 eujus
498 2452 663 2513 naturam
691 2442 964 2537 erysipelaoeam
995 2439 1106 2512 tuisse
1134 2463 1296 2534 pronun·

258 2560 328 2632 tiat
362 2562 594 2656 Qm'rznsssr
629 2567 694 2661 qui
731 2564 855 2658 genius
891 2562 1173 2659 erysipelaoeoa,
1208 2587 1296 2636 oum

260 2683 487 2758 rheumatica
510 2691 751 2770 consociatus,
778 2689 919 2780 genium
951 2686 1138 2780 typhoeum
1156 2711 1295 2783 oppug-

258 2829 362 2878 nasse
394 2819 503 2904 atque
536 2813 663 2884 vicisse
696 2812 782 2884 huie
815 2811 959 2881 dieitur.
1015 2809 1137 2903 Ipsum
1167 2823 1294 2882 autern

258 2930 369 3004 miror
391 2935 590 3028 scripsisse,
615 2959 689 3006 non
706 2957 810 3029 posse
836 2934 930 3006 efflei
951 2934 1192 3005 characterem
1212 2937 1297 3028 epi·

258 3054 398 3126 demina
425 3057 648 3150 dysenteriae
673 3058 719 3128 ab
741 3060 965 3130 *smssssuo
991 3059 1124 3129 relatae
1157 3082 1200 3138 ex
1228 3061 1296 3132 St·-

259 3199 424 3254 nannum
460 3183 571 3274 ipsius
599 3182 863 3277 desoriptione‚
897 3205 1008 3277 quum
1036 3180 1066 3252 si
1098 3182 1293 3276 placuisset

167 3357 169 3362 Α
259 3306 568 3377 aumentarias
602 3305 745 3399 legere,
776 3303 869 3400 quae
902 3305 949 3376 de
985 3303 1086 3377 febre
1121 3306 1293 3402 dysente-

259 3424 336 3496 rica
371 3426 565 3498 eorundem
604 3451 777 3500 annorum
817 3428 1023 3510 adnotavit,
1060 3427 1108 3500 do
1143 3429 1214 3500 hae
1250 3455 1292 3502 re

261 3571 335 3619 non
360 3549 608 3622 dubitavisset.
657 3551 764 3630 Nam,
797 3562 985 3646 postquam
1007 3563 1213 3636 monuerat,
1230 3539 1292 3626 'ie-

258 3669 340 3744 lues
362 3671 586 3758 stationarius
620 3674 728 3744 otiam
759 3676 1024 3747 constitutionis
1057 3699 1196 3748 annuae
1227 3699 1292 3772 po-

260 3804 427 3868 testatam
447 3797 623 3892 experiri,
649 3798 745 3868 unde
763 3797 825 3878 fir,
849 3811 892 3870 ut
908 3801 1026 3877 dietae
1046 3799 1163 3870 febres
1180 3783 1291 3872 uariis

261 3921 554 4013 symptomatibns
576 3921 679 3994 novis
704 3922 896 4026 stipentur,
922 3907 1062 4014 praeter
1090 3924 1168 4006 ilia,
1193 3949 1287 4019 quae

262 4044 315 4120 eis
334 4054 417 4117 sunt
444 4046 604 4144 propria,
634 4059 812 4146 quatenus
837 4047 883 4122 ab
911 4046 1086 4148 ejusmodi
1117 4050 1292 4125 eonstitu-
