2900 4874
282 400 320 468 sa
579 357 740 463 u'orts
792 397 999 464 urana.

282 581 443 656 sentiunt
461 579 594 675 quique
617 591 654 648 et
673 580 749 671 ipse
767 600 847 672 pars
873 591 929 650 est
947 581 1116 654 mirabilis
1139 579 1232 656 illius
1246 587 1317 678 'sylv

285 705 445 780 sternatis
468 703 615 783 mundi,
638 703 735 797 qnod
765 704 881 772 aDeo
904 705 1087 776 conditore
1113 699 1314 780 secundum·

284 829 381 923 leges
410 827 626 907 stetistices,
657 824 803 896 vixdum
840 825 1012 900 hactenus
1050 833 1228 923 cognitas,
1261 831 1306 900 ab
1414 841 1415 868 l

285 951 442 1044 Ipsoque
471 951 624 1019 sancitas
648 949 772 1020 divina
799 948 973 1042 sapientia
1003 951 1148 1044 regitur.
1196 955 1241 1024 ln
1263 978 1306 1026 eo

283 1077 425 1156 saltem,
440 1095 547 1168 quem
563 1096 627 1144 nos
638 1095 807 1144 vocamus
821 1072 1011 1153 mundum,
1032 1085 1240 1168 perpetuam
1258 1101 1309 1146 as-
1415 1059 1416 1062 ¹

285 1221 324 1270 rc
343 1206 451 1293 atque
472 1197 675 1267 continuam
692 1195 1029 1288 metamorphosium
1050 1197 1310 1269 evolutionum·

284 1344 356 1417 qus
385 1320 530 1400 seriem,
554 1342 647 1414 quae
671 1325 887 1412 spontaneae
917 1341 1102 1412 corporum
1131 1319 1309 1413 organico·

284 1459 365 1518 rum
382 1442 592 1546 'evolutioni
613 1441 763 1513 mirifice
786 1442 994 1536 respondet,
1019 1453 1187 1523 nonest,
1211 1444 1307 1537 quod
1417 1491 1418 1494 =

285 1567 502 1640 dubitemus.
551 1566 611 1638 Sic
638 1567 853 1638 mutationes
882 1567 921 1635 in
952 1565 1088 1642 telluris
1116 1565 1309 1637 visceribus

285 1692 324 1764 in
341 1690 580 1790 peripheriam
598 1671 731 1787 usque,
756 1690 815 1760 cui
833 1665 1065 1759 adhaeremus
1081 1710 1146 1758 nos
1162 1687 1309 1762 homun-

286 1815 426 1908 ciones,
458 1813 703 1907 pertinentes,
738 1813 941 1885 vulcanicas
963 1811 1040 1882 illas
1072 1809 1310 1884 exhalationes

284 1949 324 2008 at
347 1934 566 2030 explosiones
585 1935 768 2020 efficiunt,
791 1959 880 2032 quas
907 1934 1103 2030 pandemiis
1126 1935 1315 2014 mundanis

285 2059 363 2132 sive
393 2078 662 2152 praecursores,
693 2061 769 2130 sive
800 2061 965 2153 aequales
992 2057 1067 2128 fere
1095 2081 1138 2126 ac
1167 2059 1313 2130 comites

286 2181 470 2262 extitisse,
493 2181 617 2252 mundi
633 2182 770 2276 physici
790 2184 934 2256 annales
951 2192 1138 2254 testantur.
1208 2209 1212 2218 ·

293 2371 300 2386 ,
335 2306 382 2377 In
403 2303 553 2400 imperio
573 2304 713 2375 Sineusi
725 2307 801 2398 jam
820 2331 851 2379 a.
872 2303 975 2378 1333.
1000 2304 1130 2374 imbres
1154 2315 1193 2376 et
1208 2304 1314 2376 inun-

287 2428 451 2505 dationes
494 2436 681 2521 terraeque
716 2440 835 2499 motur
876 2438 1216 2511 commemorantur,
1251 2431 1313 2526 qui

288 2554 335 2626 ab
361 2577 406 2624 eo
438 2548 524 2623 inde
561 2561 743 2642 ternpore,
778 2551 880 2622 annis
912 2549 1026 2635 1334,
1053 2550 1169 2635 Ι336,
1195 2551 1312 2636 1337,

287 2675 398 2757 1338,
420 2671 532 2756 1339,
558 2671 652 2748 1340
673 2697 712 2746 se
729 2675 882 2746 invicem
899 2675 1227 2772 subsequebantur:
1251 2702 1313 2749 an·
1422 2723 1423 2732 ι

288 2795 447 2874 1101347
471 2795 614 2870 demum
644 2799 748 2893 plane
774 2799 902 2892 pacati.
950 2796 1056 2869 Anno
1081 2809 1201 2872 autem
1220 2801 1314 2876 1348
1421 2783 1423 2840 l

289 2923 330 2994 in
358 2922 500 3016 Europa
532 2919 768 2993 animadversi
804 2933 918 2994 terrae
953 2933 1094 3005 motus,
1126 2934 1312 3022 terraeque
1422 2929 1423 3022 l

287 3047 431 3126 hiatus,
454 3041 570 3144 nubes
600 3066 736 3115 crassae
764 3068 806 3117 ac
835 3046 990 3127 multae,
1014 3057 1171 3122 meteora
1192 3050 1313 3145 ignea,

288 3169 439 3250 imbres,
464 3165 733 3254 inundationes,
759 3192 919 3240 annonae
939 3169 1076 3240 caritas.
1125 3172 1184 3244 Sic
1207 3174 1313 3266 pestis

290 3291 405 3378 lautia
430 3300 535 3370 nata,
564 3315 658 3385 quae
681 3288 841 3387 inprimis
871 3293 1080 3387 contagione
1098 3291 1312 3389 propagabass

292 3426 367 3506 tur,
391 3414 453 3484 cui
476 3411 645 3487 lavabant
662 3415 921 3499 immundities,
945 3416 1206 3510 habitationum
1221 3420 1314 3492 insa*

290 3533 443 3610 lubricas
467 3537 652 3631 omnisque
684 3541 778 3610 ritae
805 3540 897 3610 ratio
928 3540 1114 3625 incultior,
1148 3543 1316 3615 semibar-

291 3659 379 3733 bara
401 3658 482 3731 aevi
503 3658 624 3729 medii.
671 3659 725 3734 Cl.
750 3663 893 3734 flasssa
915 3659 1100 3737 Latrat
1127 3664 1253 3740 Gcrch.
1278 3668 1311 3740 d.

292 3783 391 3858 Med.
414 3806 449 3876 p.
470 3781 541 3856 263
564 3806 638 3878 sqq.
1270 3771 1272 3778 ¹

313 3983 317 3990 ,
354 3903 442 3978 Erat
472 3907 581 3999 igitur
608 3907 796 4002 pandcmia
831 3913 1054 4006 contagiosa,
1091 3936 1183 4008 quae
1218 3923 1312 3984 tanta

294 4032 483 4110 atrocitate
514 4030 755 4124 grassabatur,
790 4048 833 4107 ut
861 4062 903 4108 cx
937 4037 1199 4133 computatione
1226 4025 1316 4124 lladr
