2900 4874
418 429 834 498 uutstt’nts
1105 429 1141 490 at

143 609 280 682 'Porro
296 609 509 678 monendum
532 621 603 689 est,
630 633 740 700 genus
756 632 943 680 nervorum
962 609 1085 679 erebro
1107 610 1144 688 in

122 733 203 802 mali
226 733 365 802 venisse
382 735 604 801 societatem:
631 745 702 802 tam
722 732 922 815 cerebrum,
947 757 1052 828 quam
1076 733 1146 825 spi·

120 881 187 927 nae
221 855 436 943 medullam5
478 867 695 950 quapropter
728 856 872 940 deliria,
902 856 1147 950 pervigilium,

119 1004 281 1061 somnus,
306 978 456 1073 spasmi,
482 963 745 1060 convulsiones,
778 980 927 1073 rigores,
965 979 1146 1063 horrores,

117 1104 253 1198 frigora
280 1105 387 1175 toties
413 1103 451 1172 in
480 1103 535 1172 his
561 1100 662 1172 libris
694 1115 1031 1191 commemorantum
1055 1127 1146 1200 quo·

118 1252 203 1297 rum
231 1225 413 1320 praesagia
433 1225 660 1318 interpretari
689 1235 829 1318 oportet
850 1250 922 1297 non
946 1237 1083 1296 tantum
1103 1249 1146 1298 ex

116 1336 330 1420 ebaraotere
359 1347 561 1437 nosologioo
588 1347 790 1418 morborum
818 1349 856 1418 in
882 1345 1052 1432 Graecia,
1087 1373 1150 1423 re-

118 1474 314 1545 rumetiam
331 1497 373 1542 ex
401 1473 555 1564 eorporis
573 1471 743 1566 temperie
770 1483 808 1544 et
835 1485 964 1544 nature
994 1471 1150 1548 Graeco·

117 1623 204 1670 rum
229 1597 506 1690 aegrotantium,
532 1618 574 1664 ea
598 1597 736 1688 generis
760 1593 907 1666 humani
928 1609 1056 1668 aetate.

184 1721 349 1814 Denique
391 1719 661 1812 therapeutioen
689 1719 786 1811 quod
827 1721 981 1800 attinet,
1019 1720 1152 1792 notetis

117 1867 276 1939 quaeso,
302 1843 438 1938 oxymel
460 1843 498 1910 in
519 1840 714 1934 pleuriticis
734 1852 771 1909 ot
791 1839 1037 1933 pneumonieis
1060 1865 1153 1913 oom-

116 1967 351 2045 mendatum,
386 1968 495 2058 inque
528 1962 792 2034 melancholiois
819 1964 1019 2035 adhibitum
1043 1955 1153 2038 helle-

115 2092 338 2168 borismum,
364 2085 551 2182 purgantia
583 2085 650 2156 sub
677 2089 818 2158 nomine
847 2087 1024 2158 communi
1049 2088 1154 2183 phar-

118 2237 305 2286 macorum
325 2211 481 2280 indicata
499 2211 681 2305 ipsamque
705 2209 961 2304 supellectilem
976 2210 1152 2282 medicam

120 2366 168 2410 ex
196 2335 398 2409 diaetetieis
429 2331 538 2404 ferme
567 2344 605 2403 et
630 2333 832 2403 domesticis
859 2333 1026 2408 remediis
1055 2360 1154 2407 eorm

120 2460 290 2558 positam.
506 2553 508 2559 Ι
923 2463 927 2470 “
1057 2457 1059 2464 ’

187 2587 473 2657 Non'oessarunt
496 2581 638 2652 interim
671 2582 829 2654 Orientis
860 2584 995 2666 morbi,
1028 2611 1154 2658 verum

121 2713 222 2806 ipsos
252 2728 395 2802 qnoque
421 2703 575 2778 Graecos
605 2705 720 2774 adorti
753 2714 859 2776 sunt:
886 2718 1003 2779 tamen
1027 2733 1154 2804 graeco

123 2847 308 2928 tamquam
327 2828 443 2924 colore
464 2828 586 2898 tincti:
612 2829 650 2898 id
673 2827 769 2921 quod
792 2829 901 2920 pestis
923 2831 1155 2927 'I'huoydidea

125 2970 167 3029 et
189 2956 288 3048 lepra
317 2964 355 3023 et
381 2951 632 3047 elephantiasis
647 2952 829 3021 declarant
846 2963 883 3022 et
901 2957 1155 3048 sequensfln’-

123 3099 295 3156 rocuarrs
313 3078 435 3158 locus,
460 3077 505 3147 ab
529 3074 767 3149 eruditissimo
795 3057 992 3148 Hermann·
1005 3077 1156 3160 citatus,

125 3204 194 3302 qui
211 3200 468 3298 phthisieorum
488 3197 588 3291 Epid.
602 3198 675 3268 ΙΙΙ.
700 3210 972 3268 memoratorum
992 3201 1156 3275 morbum

126 3337 277 3423 spectat.
325 3347 348 3392 >t
369 3321 455 3391 Erat
489 3332 617 3422 autem!
643 3321 843 3391 tabidorum
876 3321 1012 3412 speeies
1044 3321 1160 3396 subal·

122 3451 235 3530 bida,
259 3446 365 3518 lentis
395 3443 547 3514 colorem
574 3443 752 3524 referens,
777 3441 1012 3528 subrubrum,
1046 3450 1159 3526 oeulis
1278 3493 1280 3502 .

125 3569 415 3668 splendentibus,
448 3564 803 3659 leneophlegmatioi,
836 3565 992 3638 humeris
1021 3570 1156 3641 alatis.”

125 3701 183 3771 Ex
219 3693 352 3788 quibus
394 3691 501 3782 signis
534 3688 681 3783 conjicit
714 3689 937 3770 fluustuuus,
980 3690 1156 3768 subfuisse

125 3820 342 3915 dyseresiam
374 3812 548 3904 leprosam
580 3825 617 3882 et
645 3811 791 3906 quidem
822 3811 975 3883 indicari
1009 3814 1160 3911 Leptam

126 3945 271 4040 Tyriam
295 3935 440 4028 (albam,
468 3937 678 4022 orustosam)
705 3937 850 4008 formam
878 3934 991 4008 morbi
1014 3935 1160 4014 Graecis

125 4070 238 4164 magis
261 4062 452 4156 vulgarem.
