2834 4874
281 379 338 446 158
556 377 1026 444 Inrunnrrrnurna
1153 373 1157 386 ’
1255 371 1258 380 ’

279 562 470 634 humorum
489 561 643 655 speeiem
661 573 851 662 antequam
871 574 1111 656 aegrotarent,
1137 559 1306 636 exhibue-

280 699 375 758 runt.
399 683 600 757 invasionis
610 696 730 758 autem
745 688 872 758 modus
882 701 959 758 erat
976 710 1058 758 oum
1072 686 1143 759 leri
1155 687 1307 782 utpluri-

276 834 376 882 mum
392 808 679 902 horripilatione,
696 834 822 904 magno
837 813 1008 907 gravique
1031 811 1157 905 capitis
1169 809 1306 893 dolore,

276 934 541 1028 inappetentia,
559 933 631 1004 oris
648 957 766 1004 amaro
781 959 905 1016 sensu,
925 947 1033 1030 atque
1053 935 1180 1005 minori
1199 957 1303 1028 quam

277 1059 316 1132 in
325 1057 487 1130 tertianis
499 1057 543 1128 ad
555 1057 728 1128 vomitum
743 1059 994 1154 propensione3
1008 1058 1139 1162 deinde
1151 1061 1303 1130 excitato

279 1182 417 1278 ingenti
445 1193 547 1254 aestu
576 1180 676 1251 dolor
703 1182 829 1275 eapitis
847 1182 1066 1276 engebertum
1090 1205 1171 1256 mox
1189 1182 1306 1253 eonti-

277 1329 350 1376 nua
375 1305 586 1400 persistente
617 1305 802 1400 solumque
827 1305 1078 1397 pomeridianis
1112 1305 1209 1376 horis
1230 1327 1307 1375 oru-

277 1429 448 1506 desoente
476 1427 589 1508 febri,
626 1451 708 1497 oum
739 1427 843 1518 pulsu
872 1453 998 1522 magno
1029 1429 1169 1523 potius,
1204 1450 1309 1523 quam

279 1575 407 1646 parvo,
432 1550 611 1648 petioulae
636 1551 681 1621 ad
707 1563 827 1621 eutem
854 1551 1003 1632 rubrae,
1030 1551 1181 1622 subinde
1206 1550 1308 1628 lires·

278 1687 402 1754 sentes
425 1677 669 1771 erumpebant.
717 1661 930 1768 Augebatlrr
947 1675 1078 1745 malum
1100 1687 1230 1772 quarto
1248 1675 1305 1745 die

278 1824 362 1872 oum
396 1801 601 1897 vaniloquio
630 1810 668 1871 et
700 1821 846 1893 sopore,
877 1797 1132 1870 accedentibus
1157 1801 1309 1895 primum

279 1925 421 1998 levibus
433 1923 747 2020 jectigationibue,
772 1921 924 1994 subinde
943 1925 1073 2017 apertis
1095 1923 1309 1996 convulsiris

280 2049 456 2130 motibus,
485 2069 566 2122 uum
590 2047 711 2142 lingua
734 2047 833 2116 arida
864 2057 904 2116 et
925 2046 1018 2120 laoie
1050 2047 1308 2144 aliquantulum

281 2172 391 2246 rubra
404 2171 562 2266 lotiopue
581 2193 678 2240 nuno
695 2169 891 2264 subjugali,
911 2196 1007 2242 nuno
1026 2173 1147 2260 tenui;
1172 2169 1310 2264 sanguis

282 2296 473 2368 enaribua
506 2304 587 2388 post
612 2306 745 2364 sextam
775 2294 868 2388 larga
903 2297 1005 2390 eopia
1033 2321 1106 2371 non
1137 2295 1311 2367 inutiliter

282 2423 405 2500 multis
424 2419 569 2492 effluxit.
618 2418 688 2488 Per
712 2415 832 2488 alvum
851 2419 989 2490 interes
1016 2421 1109 2492 eirea
1127 2419 1310 2513 septimam

282 2547 410 2618 biliosa
439 2567 521 2616 cum
546 2540 795 2636 paucioribus,
829 2566 935 2636 quam
965 2545 1003 2612 in
1034 2543 1208 2630 tertiana,
1235 2565 1311 2613 rer·

283 2669 401 2750 nribus
428 2666 672 2762 erumpebant.
722 2666 880 2745 Tandem
903 2665 1238 2766 supervenientibus
1255 2675 1311 2735 ut·

280 2792 473 2887 plurimum
491 2791 714 2886 parulidibus
738 2803 916 2886 auctoque
938 2813 1083 2883 sopore,
1106 2790 1212 2864 multi
1231 2812 1311 2882 apo·

281 2893 435 3022 plectioo
452 2913 557 2986 modo
573 2915 813 2996 decedebant,
839 2940 933 2984 nona
950 2915 1008 2985 rel
1025 2914 1217 2984 undecima
1234 2913 1309 2994 die,

279 3037 419 3136 frigidis
437 3036 625 3111 sudoribus
646 3061 772 3136 magna
793 3040 894 3130 copia
911 3040 956 3108 ab
974 3038 1142 3110 universo
1162 3058 1306 3130 corpore

281 3163 553 3240 exundantibus.
587 3163 797 3235 Pauoissimi
817 3162 959 3235 interim
979 3174 1129 3233 naturae
1149 3183 1217 3254 ope
1240 3179 1309 3230 ser·

115 3353 119 3376 ,
183 3347 185 3352 .
283 3288 478 3368 rebantur,
503 3287 563 3357 rel
582 3309 775 3358 crassorum
793 3286 976 3360 urinarum
998 3285 1119 3380 eopia,
1142 3283 1203 3356 vel
1231 3305 1309 3354 oon·

285 3411 449 3481 versione
468 3411 506 3479 in
521 3410 631 3479 alium
648 3409 829 3490 morbum,
850 3409 988 3479 seilicet
1004 3409 1043 3478 in
1057 3409 1307 3505 dysenteriam,

284 3545 348 3604 aut
370 3544 602 3632 quartanam:
627 3535 714 3606 lieet
735 3544 879 3630 postea,
910 3533 1057 3605 inventa
1085 3532 1232 3602 curandi
1256 3555 1310 3600 ra·

283 3658 403 3738 tione,
427 3657 533 3732 multi
553 3657 725 3751 pristinae
752 3656 966 3730 valetudini.
979 3649 1115 3730 luerint
1142 3655 1308 3728 restituti.

331 3756 545 3853 Praesertim
563 3782 636 3856 duo
659 3783 790 3852 auxilia
813 3760 899 3854 huie
917 3780 1008 3850 malo
1032 3792 1211 3874 comperta
1228 3789 1309 3849 sunt

284 3903 494 3980 utilissima:
530 3907 725 3978 resioantia
762 3906 929 3976 nimirum
959 3916 997 3975 et
1030 3917 1151 3978 cortex
1186 3898 1308 3974 ohlnae

283 4030 430 4113 altinae,
465 4051 558 4126 quae
593 4041 792 4128 opportune
821 4028 983 4104 adhibita
1005 4029 1089 4124 jure
1115 4055 1156 4102 ae
1186 4027 1308 4112 merito
