2834 4874
392 373 860 446 rarsaurrrrrras.
1088 371 1152 458 ru'

160 553 193 625 Α
208 581 280 652 quo
295 555 401 626 desiit
411 553 424 636 ,’
436 557 511 628 sere
533 559 577 628 ad
590 585 754 631 occasum
772 567 954 639 caniculae
966 623 974 650 ‚
985 567 1054 642 luit
1073 588 1142 646 sta-

114 689 170 750 tus
192 679 341 751 salubris
365 693 402 750 et
420 682 535 752 morbi
556 686 732 779 cujusque
756 691 935 781 popularis
954 693 1120 769 immunis
1130 718 1145 788 ;·

112 803 281 894 deinceps
306 827 392 874 vero
415 806 541 899 pauci,
571 807 685 898 primo
706 811 745 880 in
767 813 881 897 villis,
905 839 947 886 ac
965 819 1055 890 ricis
1077 825 1147 903 uri·³

111 927 259 996 nuribus
282 929 425 1022 sparsim
449 943 688 1022 aegrotarunt.

159 1049 290 1120 Postea
313 1063 433 1122 autem
455 1054 550 1122 circa
572 1051 681 1124 finem
700 1077 745 1125 m.
772 1058 927 1153 Augusti
949 1063 1058 1140 febris
1080 1096 1144 1144 uo-

114 1195 159 1242 ra
185 1171 381 1267 derepente
410 1188 531 1246 exorta
555 1201 619 1272 per
649 1189 741 1250 totas
765 1185 927 1278 regiones
956 1177 1142 1288 undeque-⁴
1216 1219 1220 1228 ’

81 1381 83 1388 y
114 1298 241 1389 quein
260 1291 392 1368 vicinia
415 1312 534 1370 nostra
559 1303 707 1395 grassari
729 1309 871 1400 coepit.
895 1309 985 1383 haec
1013 1317 1141 1403 etiarn,

112 1431 222 1510 prout
251 1421 379 1503 altera,
404 1448 496 1516 quae
526 1426 717 1496 novissimo
739 1441 912 1504 autumno
944 1435 1143 1525 increbuit,⁵

112 1541 151 1610 in
179 1543 278 1636 pagis
308 1538 345 1615 et
368 1544 465 1616 uillis
491 1547 680 1618 rusticanis
717 1557 908 1649 praecipue
945 1557 1142 1637 desaeviit:

112 1666 252 1734 interea
284 1679 403 1738 tamen
429 1668 572 1739 urbium
601 1681 639 1740 et
661 1675 873 1768 oppidorum
894 1681 1068 1773 majorum
1090 1689 1144 1757 in·'

114 1763 213 1858 colae
230 1772 380 1862 rariores
391 1791 652 1866 decubuerunt.
683 1795 817 1890 Eodem
837 1813 996 1896 tempore
1015 1807 1051 1877 in
1064 1811 1143 1883 aliis

111 1911 318 2004 regionibus
335 1916 458 2007 procul
474 1915 560 1986 bine
577 1916 734 2001 dissitis,
760 1922 832 1992 imo
849 1947 914 2016 per
936 1938 1046 2000 totam
1067 1933 1142 2008 lere

111 2035 280 2129 Angliam
303 2037 412 2107 febris
437 2037 615 2132 epidemia
643 2047 790 2135 grassari
812 2046 1010 2141 serebatur3
1036 2061 1144 2132 etiam

110 2159 151 2228 in
182 2159 262 2229 aliis
277 2161 503 2254 'quibusdam
537 2161 625 2233 locis
658 2165 762 2259 longe
792 2173 971 2247 crebriora
999 2178 1145 2268 lunera,

112 2307 225 2378 quam
246 2282 307 2354 hio
327 2285 421 2356 inter
447 2298 621 2357 nostrates
641 2289 890 2367 audiebantur.
1233 2391 1237 2398 .

161 2407 264 2479 Circa
284 2410 399 2501 prima
420 2410 529 2502 hujus
550 2411 664 2481 morbi
691 2414 795 2485 initia
816 2417 886 2491 fuit
908 2433 1012 2517 typus
1036 2454 1146 2522 vagus

113 2544 152 2602 et
174 2532 280 2603 valde
305 2532 482 2614 incertus,
507 2535 641 2627 quippe
663 2535 703 2604 in
732 2543 911 2614 nonnullis
944 2547 1068 2624 aderat
1094 2547 1147 2626 el·

112 2655 351 2726 fervescentis
376 2657 564 2737 continua,
599 2660 637 2726 in
668 2661 746 2730 aliis
766 2665 1006 2740 intermittens
1028 2686 1067 2745 et
1085 2699 1151 2772 pa·

112 2777 283 2872 'roxysmis
317 2779 418 2848 statis
453 2771 688 2874 interpolala3
721 2809 827 2878 quam
860 2791 1023 2882 plurimis
1060 2825 1146 2873 vero

115 2901 384 2994 aegrotantibus
421 2901 521 2970 velut
561 2917 754 2999 symptoma
793 2905 862 2980 boc
894 2921 1053 3010 tempore
1084 2947 1148 3016 pa.

115 3025 383 3117 lbognomicum
409 3024 542 3096 accidit
566 3027 605 3096 in
625 3027 771 3101 cerebro
792 3045 830 3102 et
847 3047 996 3107 nervoso
1016 3065 1147 3135 genere

116 3147 274 3218 semele
306 3147 458 3229 habere,
493 3153 682 3222 utstatim
708 3177 730 3222 a
761 3153 871 3226 febris
896 3158 1047 3254 hujusce
1074 3172 1148 3263 pri.

116 3270 262 3341 mordiis
281 3257 326 3341 de
349 3273 465 3364 capite
485 3276 639 3365 graviter
668 3275 799 3349 affecto
821 3279 897 3352 lere
920 3308 1148 3387 omnesque.

114 3409 299 3464 rereutur:
335 3396 468 3490 quippe
499 3397 585 3467 alios
613 3395 831 3495 cephalalgia
851 3405 1012 3482 immanis
1024 3461 1041 3496 ,-
1060 3418 1147 3512 alios

116 3517 271 3609 gravitas
298 3517 442 3588 auditus
464 3544 544 3590 cum
570 3523 704 3592 tinnitu
738 3527 876 3596 aurium
909 3530 1145 3614 infestarunt:

117 3641 298 3734 plerisque
329 3663 415 3710 vero
442 3654 505 3712 aut
538 3656 661 3739 torpor
693 3658 731 3717 et
760 3654 995 3728 somnolentia
1033 3669 1147 3754 gravis

102 3777 201 3833 “cum
235 3762 369 3833 affectu
401 3765 636 3858 vertiginoso,
674 3783 738 3840 aut
769 3775 913 3866 vigiliae
946 3786 1148 3872 pertinaces

119 3909 201 3954 eum
222 3886 349 3955 delirio
369 3899 406 3956 et
423 3889 612 3981 spirituum
630 3893 835 3965 animalium
855 3895 1148 3985 distractionibus

101 4008 282 4078 accidere
308 4009 477 4082 solebant.
528 4011 724 4088 Observari
754 4017 794 4090 in
823 4026 1020 4112 nonnullis,
1050 4025 1148 4126 quod

946 4143 983 4206 10
1007 4147 1010 4156 ’
