2900 4874
300 372 318 434 2
577 375 823 440 ORIENTIS
858 375 1027 440 uetur.

351 555 541 631 Ordiamur
560 553 711 648 proinde
730 555 776 625 ab
795 555 1047 628 Orientalibus.

350 681 451 752 Inter
482 677 642 752 Orientis
671 679 836 760 morbos,
870 678 961 749 duos
995 677 1146 750 maxime
1176 677 1328 751 offendi·

303 827 400 887 mus,
422 803 486 899 qui
510 802 595 897 jure
620 825 756 876 summo
783 802 1027 898 primordiales
1045 801 1184 898 generis
1207 803 1328 874 buma-

303 928 342 998 ni
363 927 477 999 morbi
501 926 647 998 dicendi
673 939 777 998 sunta
811 929 964 998 alterum
990 937 1158 1008 acutum,
1191 927 1331 997 chroni-

303 1075 386 1124 cum
414 1052 584 1134 altanum,
608 1061 800 1145 utrumque
828 1051 885 1122 sui
907 1049 1043 1123 ordinis
1069 1051 1265 1146 principem
1293 1061 1329 1122 et

303 1176 493 1274 quemdam
521 1175 625 1269 quasi
648 1185 898 1269 prototypum:
934 1173 996 1244 illc
1023 1173 1138 1246 Pestis
1162 1184 1237 1256 est,
1269 1173 1330 1244 hic

304 1301 435 1396 lepra:
470 1298 510 1370 in
535 1297 667 1393 quibus
697 1309 877 1394 tamquam
901 1298 939 1368 in
964 1297 1156 1392 embryone
1180 1297 1332 1390 quicun-

302 1448 376 1522 que
396 1423 457 1495 alii
475 1421 653 1494 reconditi
677 1445 753 1493 esse
773 1420 950 1492 videntur.
998 1420 1223 1515 Quapropter
1248 1443 1331 1491 cum
1441 1441 1442 1452 ¹

303 1545 419 1622 morbi
448 1546 488 1617 in
514 1544 690 1648 principio
714 1567 787 1626 non
814 1555 888 1616 tam
921 1539 1089 1619 definitas
1111 1554 1150 1614 et
1179 1544 1331 1614 circum·

303 1669 454 1766 scriptas
486 1667 616 1742 lormas
642 1666 834 1751 baberent,
865 1664 998 1739 iactum
1029 1675 1106 1748 est,
1138 1679 1181 1738 ut
1214 1668 1333 1738 minus

303 1792 475 1866 adcurate
512 1790 560 1864 ab
598 1789 804 1863 auctoribus
847 1787 996 1860 medicis
1042 1788 1334 1862 discernerentur

305 1943 349 1992 ac
375 1913 665 1988 describerentur
692 1913 849 2008 indeque
871 1924 977 1996 natae
1011 1914 1084 1986 sint
1113 1911 1159 1986 de
1185 1912 1241 1985 his
1268 1911 1335 1984 de·

305 2020 559 2156 scriptionibus
587 2033 684 2150 apud
716 2036 937 2107 recentiores
970 2046 1132 2108 auctores
1173 2036 1337 2108 medicos

304 2141 526 2278 querelae
528 2162 719 2235 Praeterea
745 2157 942 2230 notandum
962 2170 1035 2244 est,
1060 2160 1098 2232 in
1123 2159 1222 2239 hisce
1240 2183 1336 2234 mer·
1440 2231 1442 2262 3

302 2268 374 2361 bis
387 2288 514 2384 vigere
543 2296 583 2357 et
618 2262 813 2357 exuberare
845 2282 956 2356 vitam
993 2283 1201 2378 plasticam,
1234 2307 1340 2377 orga-

302 2401 440 2492 nicam,
478 2406 724 2518 vegetativam.
771 2404 817 2476 In
846 2405 959 2501 Lepra
993 2407 1128 2486 idcirco
1154 2432 1227 2484 nou
1253 2418 1339 2481 tun·

303 2548 381 2624 tum
400 2536 524 2606 insunt
541 2527 828 2644 diversissimae
817 2530 1064 2626 impetigiuum
1082 2529 1235 2608 formae:
1259 2553 1340 2632 mq-
1440 2519 1441 2528 ἵ

305 2645 433 2776 cul'ae3
453 2629 645 2768 squamae,
669 2652 879 2762 tubercula,
904 2677 1029 2726 verum
1060 2654 1168 2740 etiam
1198 2654 1340 2731 erube-

302 2793 448 2852 rantes
463 2779 725 2894 plurimum
693 2753 787 2848 cutis
825 2777 1052 2876 partiumque
1089 2779 1338 2877 subjectarum

303 2876 616 3024 hypertropbiae
604 2923 775 3014 ipsaeque
803 2900 935 2972 ossium
955 2902 1203 3017 paratropbiae
1228 2925 1340 2996 geue·

302 3026 423 3123 risque
439 3024 648 3130 lymphatici
667 3022 800 3104 morbi,
823 3025 947 3120 quales
964 3025 1127 3099 hodiem
1143 3025 1225 3100 labe
1239 3048 1340 3097 scro-

262 3152 265 3161 “
303 3147 419 3221 inlusa
442 3149 618 3219 visuntur.
666 3147 713 3220 In
729 3148 838 3220 Peste
867 3171 953 3222 vero
972 3160 1152 3246 tamquam
1172 3148 1341 3244 latebant

302 3271 510 3366 reconditae
535 3268 653 3342 febres
670 3269 996 3355 exanthematicae,
1019 3273 1255 3366 petechiales,
1274 3285 1339 3370 ty-

304 3387 462 3532 phocae,
484 3419 554 3466 nec
580 3395 733 3468 deerant
757 3395 851 3468 vitia
877 3394 1199 3494 lymphaticorumz
1223 3400 1342 3494 pestis

303 3505 525 3637 inguinariae
549 3516 826 3618 (Bubouaupest)
850 3519 1019 3614 exemplo.
