<?xml version="1.0" encoding="UTF-8"?>
<!DOCTYPE html PUBLIC "-//W3C//DTD XHTML 1.0 Transitional//EN"
    "http://www.w3.org/TR/xhtml1/DTD/xhtml1-transitional.dtd">
<html xmlns="http://www.w3.org/1999/xhtml" xml:lang="en" lang="en">
 <head>
  <title>
</title>
<meta http-equiv="Content-Type" content="text/html;charset=utf-8" />
  <meta name='ocr-system' content='tesseract 3.04.00' />
  <meta name='ocr-capabilities' content='ocr_page ocr_carea ocr_par ocr_line ocrx_word'/>
</head>
<body>
  <div class='ocr_page' id='page_1' title='image "./dehistoriamorbo00hoevgoog_0092.png"; bbox 0 0 2834 4874; ppageno 0'>
   <div class='ocr_carea' id='block_1_1' title="bbox 333 381 1125 448">
    <p class='ocr_par' dir='ltr' id='par_1_1' title="bbox 333 381 1125 448">
     <span class='ocr_line' id='line_1_1' title="bbox 333 381 1125 448; baseline -0.006 0"><span class='ocrx_word' id='word_1_1' title='bbox 333 384 534 448; x_wconf 77' lang='lat' dir='ltr'><strong>euertat</strong></span> <span class='ocrx_word' id='word_1_2' title='bbox 568 381 865 448; x_wconf 69' lang='lat' dir='ltr'><strong>aeterniter.</strong></span> <span class='ocrx_word' id='word_1_3' title='bbox 1079 382 1125 444; x_wconf 59' lang='lat'><strong>73</strong></span> 
     </span>
    </p>
   </div>
   <div class='ocr_carea' id='block_1_2' title="bbox 99 566 1165 2756">
    <p class='ocr_par' dir='ltr' id='par_1_2' title="bbox 100 566 1165 1870">
     <span class='ocr_line' id='line_1_2' title="bbox 101 566 1120 662; baseline -0.008 -20"><span class='ocrx_word' id='word_1_4' title='bbox 101 570 241 649; x_wconf 81' lang='lat' dir='ltr'><strong>meliro,</strong></span> <span class='ocrx_word' id='word_1_5' title='bbox 266 591 373 662; x_wconf 83' lang='lat' dir='ltr'><strong>quem</strong></span> <span class='ocrx_word' id='word_1_6' title='bbox 395 567 794 660; x_wconf 55' lang='lat' dir='ltr'><strong>vocant„eorporiaque</strong></span> <span class='ocrx_word' id='word_1_7' title='bbox 818 566 1021 636; x_wconf 87' lang='lat' dir='ltr'><strong>evolutione</strong></span> <span class='ocrx_word' id='word_1_8' title='bbox 1045 589 1120 634; x_wconf 89' lang='lat' dir='ltr'><strong>ma-</strong></span> 
     </span>
     <span class='ocr_line' id='line_1_3' title="bbox 101 687 1119 786; baseline -0.005 -24"><span class='ocrx_word' id='word_1_9' title='bbox 101 697 254 786; x_wconf 85' lang='lat' dir='ltr'><strong>ximeque</strong></span> <span class='ocrx_word' id='word_1_10' title='bbox 271 691 332 760; x_wconf 90' lang='lat' dir='ltr'><strong>illa</strong></span> <span class='ocrx_word' id='word_1_11' title='bbox 352 687 625 780; x_wconf 89' lang='lat' dir='ltr'><strong>metamorphosi</strong></span> <span class='ocrx_word' id='word_1_12' title='bbox 644 689 852 769; x_wconf 86' lang='lat' dir='ltr'><strong>cohaereat,</strong></span> <span class='ocrx_word' id='word_1_13' title='bbox 878 713 969 782; x_wconf 89' lang='lat' dir='ltr'><strong>quae</strong></span> <span class='ocrx_word' id='word_1_14' title='bbox 990 688 1119 782; x_wconf 87' lang='lat' dir='ltr'><strong>puber-</strong></span> 
     </span>
     <span class='ocr_line' id='line_1_4' title="bbox 101 811 1120 908; baseline -0.004 -22"><span class='ocrx_word' id='word_1_15' title='bbox 101 818 175 886; x_wconf 80' lang='lat' dir='ltr'><strong>tatis</strong></span> <span class='ocrx_word' id='word_1_16' title='bbox 190 819 339 894; x_wconf 85' lang='lat' dir='ltr'><strong>dieitar,</strong></span> <span class='ocrx_word' id='word_1_17' title='bbox 365 836 457 908; x_wconf 88' lang='lat' dir='ltr'><strong>quae</strong></span> <span class='ocrx_word' id='word_1_18' title='bbox 474 811 634 904; x_wconf 78' lang='lat' dir='ltr'><strong>prolecto</strong></span> <span class='ocrx_word' id='word_1_19' title='bbox 653 814 815 905; x_wconf 81' lang='lat' dir='ltr'><strong>quamvis</strong></span> <span class='ocrx_word' id='word_1_20' title='bbox 834 811 1041 903; x_wconf 77' lang='lat' dir='ltr'><strong>adparatum</strong></span> <span class='ocrx_word' id='word_1_21' title='bbox 1060 837 1120 904; x_wconf 85' lang='lat' dir='ltr'><strong>ge·</strong></span> 
     </span>
     <span class='ocr_line' id='line_1_5' title="bbox 101 934 1117 1032; baseline -0.003 -23"><span class='ocrx_word' id='word_1_22' title='bbox 101 939 237 1009; x_wconf 90' lang='lat' dir='ltr'><strong>nerandi</strong></span> <span class='ocrx_word' id='word_1_23' title='bbox 271 941 428 1032; x_wconf 89' lang='lat' dir='ltr'><strong>proxime</strong></span> <span class='ocrx_word' id='word_1_24' title='bbox 467 945 586 1027; x_wconf 84' lang='lat' dir='ltr'><strong>tangat</strong></span> <span class='ocrx_word' id='word_1_25' title='bbox 621 934 872 1028; x_wconf 82' lang='lat' dir='ltr'><strong>hominemque</strong></span> <span class='ocrx_word' id='word_1_26' title='bbox 901 935 945 1004; x_wconf 90' lang='lat' dir='ltr'><strong>ad</strong></span> <span class='ocrx_word' id='word_1_27' title='bbox 980 936 1117 1026; x_wconf 81' lang='lat' dir='ltr'><strong>generis</strong></span> 
     </span>
     <span class='ocr_line' id='line_1_6' title="bbox 100 1057 1165 1155; baseline -0.002 -25"><span class='ocrx_word' id='word_1_28' title='bbox 100 1063 369 1155; x_wconf 79' lang='lat' dir='ltr'><strong>procreationem</strong></span> <span class='ocrx_word' id='word_1_29' title='bbox 396 1071 521 1153; x_wconf 88' lang='lat' dir='ltr'><strong>aptum</strong></span> <span class='ocrx_word' id='word_1_30' title='bbox 542 1057 687 1138; x_wconf 87' lang='lat' dir='ltr'><strong>reddat,</strong></span> <span class='ocrx_word' id='word_1_31' title='bbox 703 1069 833 1128; x_wconf 90' lang='lat' dir='ltr'><strong>&#39;tamen</strong></span> <span class='ocrx_word' id='word_1_32' title='bbox 853 1059 924 1128; x_wconf 87' lang='lat' dir='ltr'><strong>boo</strong></span> <span class='ocrx_word' id='word_1_33' title='bbox 946 1060 1019 1129; x_wconf 88' lang='lat' dir='ltr'><strong>solo</strong></span> <span class='ocrx_word' id='word_1_34' title='bbox 1039 1083 1119 1128; x_wconf 89' lang='lat' dir='ltr'><strong>mu·</strong></span> <span class='ocrx_word' id='word_1_35' title='bbox 1159 1083 1165 1090; x_wconf 92' lang='lat'>·</span> 
     </span>
     <span class='ocr_line' id='line_1_7' title="bbox 101 1180 1119 1272; baseline 0.002 -19"><span class='ocrx_word' id='word_1_36' title='bbox 101 1207 175 1256; x_wconf 88' lang='lat' dir='ltr'><strong>uere</strong></span> <span class='ocrx_word' id='word_1_37' title='bbox 194 1185 340 1254; x_wconf 89' lang='lat' dir='ltr'><strong>minime</strong></span> <span class='ocrx_word' id='word_1_38' title='bbox 368 1184 590 1260; x_wconf 81' lang='lat' dir='ltr'><strong>continetur,</strong></span> <span class='ocrx_word' id='word_1_39' title='bbox 617 1180 679 1249; x_wconf 87' lang='lat' dir='ltr'><strong>sed</strong></span> <span class='ocrx_word' id='word_1_40' title='bbox 705 1203 769 1272; x_wconf 89' lang='lat' dir='ltr'><strong>per</strong></span> <span class='ocrx_word' id='word_1_41' title='bbox 790 1183 990 1252; x_wconf 88' lang='lat' dir='ltr'><strong>universam</strong></span> <span class='ocrx_word' id='word_1_42' title='bbox 1012 1208 1119 1256; x_wconf 82' lang='lat' dir='ltr'><strong>oeco-</strong></span> 
     </span>
     <span class='ocr_line' id='line_1_8' title="bbox 101 1297 1118 1400; baseline 0 -22"><span class='ocrx_word' id='word_1_43' title='bbox 101 1303 364 1399; x_wconf 76' lang='lat' dir='ltr'><strong>nomiam&#39;&#39;longe</strong></span> <span class='ocrx_word' id='word_1_44' title='bbox 385 1307 530 1400; x_wconf 84' lang='lat' dir='ltr'><strong>lateque</strong></span> <span class='ocrx_word' id='word_1_45' title='bbox 554 1325 630 1374; x_wconf 87' lang='lat' dir='ltr'><strong>sese</strong></span> <span class='ocrx_word' id='word_1_46' title='bbox 653 1297 1045 1400; x_wconf 76' lang='lat' dir='ltr'><strong>extendit&#39;omnemque</strong></span> <span class='ocrx_word' id='word_1_47' title='bbox 1062 1297 1118 1378; x_wconf 80' lang='lat' dir='ltr'><strong>or·</strong></span> 
     </span>
     <span class='ocr_line' id='line_1_9' title="bbox 102 1425 1126 1525; baseline 0.003 -27"><span class='ocrx_word' id='word_1_48' title='bbox 102 1433 286 1522; x_wconf 81' lang='lat' dir='ltr'><strong>ganiemum</strong></span> <span class='ocrx_word' id='word_1_49' title='bbox 303 1432 493 1500; x_wconf 85' lang='lat' dir='ltr'><strong>instaurat:</strong></span> <span class='ocrx_word' id='word_1_50' title='bbox 517 1425 814 1520; x_wconf 86' lang='lat' dir='ltr'><strong>quemadmodum</strong></span> <span class='ocrx_word' id='word_1_51' title='bbox 832 1429 1023 1499; x_wconf 86' lang='lat' dir='ltr'><strong>ostendunt</strong></span> <span class='ocrx_word' id='word_1_52' title='bbox 1043 1448 1126 1525; x_wconf 57' lang='lat' dir='ltr'><strong>grai</strong></span> 
     </span>
     <span class='ocr_line' id='line_1_10' title="bbox 102 1550 1116 1648; baseline 0.001 -24"><span class='ocrx_word' id='word_1_53' title='bbox 102 1555 253 1624; x_wconf 73' lang='lat' dir='ltr'><strong>vissimae</strong></span> <span class='ocrx_word' id='word_1_54' title='bbox 291 1577 334 1622; x_wconf 90' lang='lat' dir='ltr'><strong>ae</strong></span> <span class='ocrx_word' id='word_1_55' title='bbox 368 1551 673 1647; x_wconf 79' lang='lat' dir='ltr'><strong>pertinacissimae</strong></span> <span class='ocrx_word' id='word_1_56' title='bbox 707 1550 931 1622; x_wconf 77' lang='lat' dir='ltr'><strong>valetudines</strong></span> <span class='ocrx_word' id='word_1_57' title='bbox 968 1554 1116 1648; x_wconf 86' lang='lat' dir='ltr'><strong>ipseque</strong></span> 
     </span>
     <span class='ocr_line' id='line_1_11' title="bbox 100 1671 1116 1771; baseline 0.003 -27"><span class='ocrx_word' id='word_1_58' title='bbox 100 1677 231 1747; x_wconf 83' lang='lat' dir='ltr'><strong>morbus</strong></span> <span class='ocrx_word' id='word_1_59' title='bbox 269 1677 459 1748; x_wconf 78' lang='lat' dir='ltr'><strong>herculeus</strong></span> <span class='ocrx_word' id='word_1_60' title='bbox 499 1697 563 1771; x_wconf 87' lang='lat' dir='ltr'><strong>per</strong></span> <span class='ocrx_word' id='word_1_61' title='bbox 598 1673 690 1745; x_wconf 82' lang='lat' dir='ltr'><strong>baria</strong></span> <span class='ocrx_word' id='word_1_62' title='bbox 725 1671 1024 1768; x_wconf 81' lang='lat' dir='ltr'><strong>metamorphosin</strong></span> <span class='ocrx_word' id='word_1_63' title='bbox 1060 1701 1116 1748; x_wconf 89' lang='lat' dir='ltr'><strong>sa·</strong></span> 
     </span>
     <span class='ocr_line' id='line_1_12' title="bbox 100 1809 704 1870; baseline 0.002 -2"><span class='ocrx_word' id='word_1_64' title='bbox 100 1811 203 1870; x_wconf 83' lang='lat' dir='ltr'><strong>natae.</strong></span> <span class='ocrx_word' id='word_1_65' title='bbox 702 1809 704 1817; x_wconf 89' lang='lat'>&#39;</span> 
     </span>
    </p>

    <p class='ocr_par' dir='ltr' id='par_1_3' title="bbox 99 1923 1124 2756">
     <span class='ocr_line' id='line_1_13' title="bbox 146 1923 1114 2018; baseline 0.001 -22"><span class='ocrx_word' id='word_1_66' title='bbox 146 1925 268 2018; x_wconf 83' lang='lat' dir='ltr'><strong>Atque</strong></span> <span class='ocrx_word' id='word_1_67' title='bbox 300 1923 369 1994; x_wconf 87' lang='lat' dir='ltr'><strong>boo</strong></span> <span class='ocrx_word' id='word_1_68' title='bbox 400 1923 547 2018; x_wconf 90' lang='lat' dir='ltr'><strong>quidem</strong></span> <span class='ocrx_word' id='word_1_69' title='bbox 575 1942 679 1992; x_wconf 88' lang='lat' dir='ltr'><strong>sensu</strong></span> <span class='ocrx_word' id='word_1_70' title='bbox 707 1945 779 1992; x_wconf 89' lang='lat' dir='ltr'><strong>non</strong></span> <span class='ocrx_word' id='word_1_71' title='bbox 816 1924 938 2018; x_wconf 88' lang='lat' dir='ltr'><strong>inepta</strong></span> <span class='ocrx_word' id='word_1_72' title='bbox 965 1925 1114 1997; x_wconf 82' lang='lat' dir='ltr'><strong>sortasse</strong></span> 
     </span>
     <span class='ocr_line' id='line_1_14' title="bbox 101 2025 1114 2143; baseline 0.007 -29"><span class='ocrx_word' id='word_1_73' title='bbox 101 2048 296 2140; x_wconf 83' lang='lat' dir='ltr'><strong>oonjeotura</strong></span> <span class='ocrx_word' id='word_1_74' title='bbox 337 2045 451 2128; x_wconf 75' lang='lat' dir='ltr'><strong>forat,</strong></span> <span class='ocrx_word' id='word_1_75' title='bbox 485 2049 650 2119; x_wconf 78' lang='lat' dir='ltr'><strong>eboreum</strong></span> <span class='ocrx_word' id='word_1_76' title='bbox 675 2025 918 2140; x_wconf 30' lang='lat' dir='ltr'><strong>&#39;epidemioam</strong></span> <span class='ocrx_word' id='word_1_77' title='bbox 949 2049 1114 2143; x_wconf 39' lang='lat' dir='ltr'><strong>&#39;huicque</strong></span> 
     </span>
     <span class='ocr_line' id='line_1_15' title="bbox 101 2165 1113 2264; baseline 0.005 -26"><span class='ocrx_word' id='word_1_78' title='bbox 101 2181 278 2264; x_wconf 84' lang='lat' dir='ltr'><strong>cognatum</strong></span> <span class='ocrx_word' id='word_1_79' title='bbox 312 2169 556 2252; x_wconf 79' lang='lat' dir='ltr'><strong>tarantismum</strong></span> <span class='ocrx_word' id='word_1_80' title='bbox 588 2170 698 2241; x_wconf 81' lang='lat' dir='ltr'><strong>fuisse</strong></span> <span class='ocrx_word' id='word_1_81' title='bbox 725 2171 865 2241; x_wconf 83' lang='lat' dir='ltr'><strong>morbos</strong></span> <span class='ocrx_word' id='word_1_82' title='bbox 899 2165 1113 2243; x_wconf 77' lang='lat' dir='ltr'><strong>evolationis</strong></span> 
     </span>
     <span class='ocr_line' id='line_1_16' title="bbox 100 2284 1114 2388; baseline 0.005 -26"><span class='ocrx_word' id='word_1_83' title='bbox 100 2284 230 2365; x_wconf 81' lang='lat' dir='ltr'><strong>aritieos</strong></span> <span class='ocrx_word' id='word_1_84' title='bbox 247 2294 397 2386; x_wconf 77' lang='lat' dir='ltr'><strong>&#39;generis</strong></span> <span class='ocrx_word' id='word_1_85' title='bbox 429 2293 576 2363; x_wconf 90' lang='lat' dir='ltr'><strong>humani</strong></span> <span class='ocrx_word' id='word_1_86' title='bbox 597 2295 833 2365; x_wconf 85' lang='lat' dir='ltr'><strong>adolescentis</strong></span> <span class='ocrx_word' id='word_1_87' title='bbox 856 2305 964 2388; x_wconf 86' lang='lat' dir='ltr'><strong>atque</strong></span> <span class='ocrx_word' id='word_1_88' title='bbox 985 2295 1114 2388; x_wconf 90' lang='lat' dir='ltr'><strong>pubes·</strong></span> 
     </span>
     <span class='ocr_line' id='line_1_17' title="bbox 100 2417 1124 2512; baseline 0.001 -24"><span class='ocrx_word' id='word_1_89' title='bbox 100 2420 217 2498; x_wconf 79' lang='lat' dir='ltr'><strong>centis,</strong></span> <span class='ocrx_word' id='word_1_90' title='bbox 241 2418 306 2512; x_wconf 91' lang='lat' dir='ltr'><strong>qui</strong></span> <span class='ocrx_word' id='word_1_91' title='bbox 323 2417 510 2487; x_wconf 83' lang='lat' dir='ltr'><strong>exantlatis</strong></span> <span class='ocrx_word' id='word_1_92' title='bbox 529 2419 654 2488; x_wconf 88' lang='lat' dir='ltr'><strong>aetatis</strong></span> <span class='ocrx_word' id='word_1_93' title='bbox 673 2419 811 2488; x_wconf 88' lang='lat' dir='ltr'><strong>mediae</strong></span> <span class='ocrx_word' id='word_1_94' title='bbox 826 2417 1006 2488; x_wconf 81' lang='lat' dir='ltr'><strong>laboribus</strong></span> <span class='ocrx_word' id='word_1_95' title='bbox 1023 2421 1124 2489; x_wconf 68' lang='lat' dir='ltr'><strong>tem-⁸</strong></span> 
     </span>
     <span class='ocr_line' id='line_1_18' title="bbox 99 2541 1115 2636; baseline 0.004 -26"><span class='ocrx_word' id='word_1_96' title='bbox 99 2565 176 2632; x_wconf 90' lang='lat' dir='ltr'><strong>pora</strong></span> <span class='ocrx_word' id='word_1_97' title='bbox 198 2554 399 2614; x_wconf 89' lang='lat' dir='ltr'><strong>renatarum</strong></span> <span class='ocrx_word' id='word_1_98' title='bbox 420 2541 619 2610; x_wconf 87' lang='lat' dir='ltr'><strong>litterarum</strong></span> <span class='ocrx_word' id='word_1_99' title='bbox 641 2543 827 2636; x_wconf 76' lang='lat' dir='ltr'><strong>senatique</strong></span> <span class='ocrx_word' id='word_1_100' title='bbox 841 2542 966 2614; x_wconf 89' lang='lat' dir='ltr'><strong>-eultus</strong></span> <span class='ocrx_word' id='word_1_101' title='bbox 982 2563 1033 2613; x_wconf 77' lang='lat' dir='ltr'><strong>‘ae</strong></span> <span class='ocrx_word' id='word_1_102' title='bbox 1053 2541 1115 2636; x_wconf 84' lang='lat' dir='ltr'><strong>ju·</strong></span> 
     </span>
     <span class='ocr_line' id='line_1_19' title="bbox 99 2664 711 2756; baseline -0.003 -20"><span class='ocrx_word' id='word_1_103' title='bbox 99 2668 246 2738; x_wconf 82' lang='lat' dir='ltr'><strong>tentatis</strong></span> <span class='ocrx_word' id='word_1_104' title='bbox 264 2664 425 2736; x_wconf 86' lang='lat' dir='ltr'><strong>florentis</strong></span> <span class='ocrx_word' id='word_1_105' title='bbox 447 2674 711 2756; x_wconf 86' lang='lat' dir='ltr'><strong>praenotarunt.</strong></span> 
     </span>
    </p>
   </div>
   <div class='ocr_carea' id='block_1_3' title="bbox 374 2823 913 2930">
    <p class='ocr_par' dir='ltr' id='par_1_4' title="bbox 374 2823 913 2930">
     <span class='ocr_line' id='line_1_20' title="bbox 374 2823 913 2930; baseline 0.006 -18"><span class='ocrx_word' id='word_1_106' title='bbox 374 2851 830 2930; x_wconf 79' lang='lat' dir='ltr'><strong>ourasrroaas</strong></span> <span class='ocrx_word' id='word_1_107' title='bbox 907 2823 913 2846; x_wconf 95' lang='lat'><em>&#39;</em></span> 
     </span>
    </p>
   </div>
   <div class='ocr_carea' id='block_1_4' title="bbox 98 3031 1125 3747">
    <p class='ocr_par' dir='ltr' id='par_1_5' title="bbox 98 3031 1125 3747">
     <span class='ocr_line' id='line_1_21' title="bbox 105 3031 1111 3134; baseline 0.008 -34"><span class='ocrx_word' id='word_1_108' title='bbox 105 3031 144 3101; x_wconf 83' lang='grc' dir='ltr'><strong>Ἰ.</strong></span> <span class='ocrx_word' id='word_1_109' title='bbox 187 3033 244 3104; x_wconf 76' lang='lat' dir='ltr'><strong>An</strong></span> <span class='ocrx_word' id='word_1_110' title='bbox 259 3033 344 3126; x_wconf 82' lang='lat' dir='ltr'><strong>jure</strong></span> <span class='ocrx_word' id='word_1_111' title='bbox 362 3031 526 3102; x_wconf 77' lang='lat' dir='ltr'><strong>choream</strong></span> <span class='ocrx_word' id='word_1_112' title='bbox 545 3033 657 3103; x_wconf 87' lang='lat' dir='ltr'><strong>saneti</strong></span> <span class='ocrx_word' id='word_1_113' title='bbox 676 3031 752 3106; x_wconf 82' lang='lat' dir='ltr'><strong>Viti</strong></span> <span class='ocrx_word' id='word_1_114' title='bbox 771 3057 853 3103; x_wconf 87' lang='lat' dir='ltr'><strong>eum</strong></span> <span class='ocrx_word' id='word_1_115' title='bbox 868 3035 1111 3134; x_wconf 81' lang='lat' dir='ltr'><strong>lycanthropia</strong></span> 
     </span>
     <span class='ocr_line' id='line_1_22' title="bbox 183 3157 1122 3248; baseline 0.003 -23"><span class='ocrx_word' id='word_1_116' title='bbox 183 3167 345 3225; x_wconf 85' lang='lat' dir='ltr'><strong>veterum</strong></span> <span class='ocrx_word' id='word_1_117' title='bbox 369 3157 686 3248; x_wconf 74' lang='lat' dir='ltr'><strong>comparaverunt?</strong></span> <span class='ocrx_word' id='word_1_118' title='bbox 1118 3165 1122 3176; x_wconf 83' lang='grc'><em>’</em></span> 
     </span>
     <span class='ocr_line' id='line_1_23' title="bbox 98 3274 1110 3374; baseline 0.008 -28"><span class='ocrx_word' id='word_1_119' title='bbox 98 3274 143 3346; x_wconf 93' lang='lat' dir='ltr'><strong>Il.</strong></span> <span class='ocrx_word' id='word_1_120' title='bbox 186 3280 307 3350; x_wconf 89' lang='lat' dir='ltr'><strong>Nonne</strong></span> <span class='ocrx_word' id='word_1_121' title='bbox 330 3302 393 3371; x_wconf 88' lang='lat' dir='ltr'><strong>per</strong></span> <span class='ocrx_word' id='word_1_122' title='bbox 411 3279 561 3349; x_wconf 81' lang='lat' dir='ltr'><strong>choreae</strong></span> <span class='ocrx_word' id='word_1_123' title='bbox 586 3277 803 3374; x_wconf 88' lang='lat' dir='ltr'><strong>epidemioae</strong></span> <span class='ocrx_word' id='word_1_124' title='bbox 827 3283 1008 3352; x_wconf 86' lang='lat' dir='ltr'><strong>historiam</strong></span> <span class='ocrx_word' id='word_1_125' title='bbox 1025 3308 1110 3354; x_wconf 87' lang='lat' dir='ltr'><strong>neu-</strong></span> 
     </span>
     <span class='ocr_line' id='line_1_24' title="bbox 180 3404 1125 3502; baseline 0.007 -31"><span class='ocrx_word' id='word_1_126' title='bbox 180 3404 311 3473; x_wconf 85' lang='lat' dir='ltr'><strong>rosium</strong></span> <span class='ocrx_word' id='word_1_127' title='bbox 328 3404 597 3496; x_wconf 66' lang='lat' dir='ltr'><strong>¹complurium,</strong></span> <span class='ocrx_word' id='word_1_128' title='bbox 627 3407 816 3499; x_wconf 85' lang='lat' dir='ltr'><strong>praecipue</strong></span> <span class='ocrx_word' id='word_1_129' title='bbox 843 3429 986 3488; x_wconf 85' lang='lat' dir='ltr'><strong>earum,</strong></span> <span class='ocrx_word' id='word_1_130' title='bbox 1019 3425 1125 3502; x_wconf 67' lang='lat' dir='ltr'><strong>quae¹</strong></span> 
     </span>
     <span class='ocr_line' id='line_1_25' title="bbox 183 3527 1109 3626; baseline 0.009 -30"><span class='ocrx_word' id='word_1_131' title='bbox 183 3527 334 3618; x_wconf 86' lang='lat' dir='ltr'><strong>puberes</strong></span> <span class='ocrx_word' id='word_1_132' title='bbox 363 3527 605 3618; x_wconf 85' lang='lat' dir='ltr'><strong>prehendunt,</strong></span> <span class='ocrx_word' id='word_1_133' title='bbox 632 3530 797 3602; x_wconf 84' lang='lat' dir='ltr'><strong>medendi</strong></span> <span class='ocrx_word' id='word_1_134' title='bbox 820 3532 1010 3603; x_wconf 89' lang='lat' dir='ltr'><strong>methodus</strong></span> <span class='ocrx_word' id='word_1_135' title='bbox 1029 3533 1109 3626; x_wconf 89' lang='lat' dir='ltr'><strong>plu·</strong></span> 
     </span>
     <span class='ocr_line' id='line_1_26' title="bbox 180 3650 1124 3747; baseline 0.007 -28"><span class='ocrx_word' id='word_1_136' title='bbox 180 3650 306 3720; x_wconf 85' lang='lat' dir='ltr'><strong>rimam</strong></span> <span class='ocrx_word' id='word_1_137' title='bbox 329 3650 500 3744; x_wconf 83' lang='lat' dir='ltr'><strong>proficere</strong></span> <span class='ocrx_word' id='word_1_138' title='bbox 516 3651 661 3747; x_wconf 80' lang='lat' dir='ltr'><strong>posset?</strong></span> <span class='ocrx_word' id='word_1_139' title='bbox 744 3673 749 3680; x_wconf 86' lang='grc'><em>·</em></span> <span class='ocrx_word' id='word_1_140' title='bbox 1120 3673 1124 3688; x_wconf 69' lang='lat'><strong>²</strong></span> 
     </span>
    </p>
   </div>
   <div class='ocr_carea' id='block_1_5' title="bbox 475 3935 632 3960">
    <p class='ocr_par' dir='ltr' id='par_1_6' title="bbox 475 3935 632 3960">
     <span class='ocr_line' id='line_1_27' title="bbox 475 3935 632 3960; baseline 0 -9"><span class='ocrx_word' id='word_1_141' title='bbox 475 3938 484 3951; x_wconf 79' lang='grc' dir='ltr'><strong><em>ι</em></strong></span> <span class='ocrx_word' id='word_1_142' title='bbox 534 3935 632 3960; x_wconf 46' lang='lat' dir='ltr'>Q</span> 
     </span>
    </p>
   </div>
   <div class='ocr_carea' id='block_1_6' title="bbox 0 0 1422 4874">
    <p class='ocr_par' dir='ltr' id='par_1_7' title="bbox 0 0 1422 4874">
     <span class='ocr_line' id='line_1_28' title="bbox 0 0 1422 4874; baseline 0 1"><span class='ocrx_word' id='word_1_143' title='bbox 0 0 1422 4874; x_wconf 95' lang='lat' dir='ltr'><strong> </strong></span> 
     </span>
    </p>
   </div>
  </div>
 </body>
</html>
