<?xml version="1.0" encoding="UTF-8"?>
<!DOCTYPE html PUBLIC "-//W3C//DTD XHTML 1.0 Transitional//EN"
    "http://www.w3.org/TR/xhtml1/DTD/xhtml1-transitional.dtd">
<html xmlns="http://www.w3.org/1999/xhtml" xml:lang="en" lang="en">
 <head>
  <title>
</title>
<meta http-equiv="Content-Type" content="text/html;charset=utf-8" />
  <meta name='ocr-system' content='tesseract 3.04.00' />
  <meta name='ocr-capabilities' content='ocr_page ocr_carea ocr_par ocr_line ocrx_word'/>
</head>
<body>
  <div class='ocr_page' id='page_1' title='image "./dehistoriamorbo00hoevgoog_0130.png"; bbox 0 0 2834 4874; ppageno 0'>
   <div class='ocr_carea' id='block_1_1' title="bbox 353 391 1160 494">
    <p class='ocr_par' dir='ltr' id='par_1_1' title="bbox 353 391 1160 494">
     <span class='ocr_line' id='line_1_1' title="bbox 353 391 1160 494; baseline 0.009 -28"><span class='ocrx_word' id='word_1_1' title='bbox 353 393 544 468; x_wconf 86' lang='lat' dir='ltr'><strong>r&#39;rraus</strong></span> <span class='ocrx_word' id='word_1_2' title='bbox 586 391 942 469; x_wconf 71' lang='lat' dir='ltr'><strong>sarasar-sarsi</strong></span> <span class='ocrx_word' id='word_1_3' title='bbox 1035 489 1039 494; x_wconf 21' lang='lat'>¹</span> <span class='ocrx_word' id='word_1_4' title='bbox 1102 404 1160 474; x_wconf 83' lang='lat' dir='ltr'><strong>ur</strong></span> 
     </span>
    </p>
   </div>
   <div class='ocr_carea' id='block_1_2' title="bbox 46 571 1218 4154">
    <p class='ocr_par' dir='ltr' id='par_1_2' title="bbox 118 571 1167 1548">
     <span class='ocr_line' id='line_1_2' title="bbox 118 571 1158 678; baseline 0.004 -18"><span class='ocrx_word' id='word_1_5' title='bbox 118 571 274 660; x_wconf 80' lang='lat' dir='ltr'><strong>numero</strong></span> <span class='ocrx_word' id='word_1_6' title='bbox 298 595 352 656; x_wconf 87' lang='lat' dir='ltr'><strong>est</strong></span> <span class='ocrx_word' id='word_1_7' title='bbox 376 586 475 658; x_wconf 89' lang='lat' dir='ltr'><strong>erud.</strong></span> <span class='ocrx_word' id='word_1_8' title='bbox 508 587 672 665; x_wconf 70' lang='lat' dir='ltr'><strong>unser,</strong></span> <span class='ocrx_word' id='word_1_9' title='bbox 697 589 760 678; x_wconf 87' lang='lat' dir='ltr'><strong>qui</strong></span> <span class='ocrx_word' id='word_1_10' title='bbox 786 588 1091 678; x_wconf 58' lang='lat' dir='ltr'><strong>quoniamvsimul</strong></span> <span class='ocrx_word' id='word_1_11' title='bbox 1119 595 1158 664; x_wconf 92' lang='lat' dir='ltr'><strong>in</strong></span> 
     </span>
     <span class='ocr_line' id='line_1_3' title="bbox 120 708 1159 804; baseline -0.012 -20"><span class='ocrx_word' id='word_1_12' title='bbox 120 713 235 784; x_wconf 80' lang='lat' dir='ltr'><strong>variis</strong></span> <span class='ocrx_word' id='word_1_13' title='bbox 263 712 427 804; x_wconf 87' lang='lat' dir='ltr'><strong>Europae</strong></span> <span class='ocrx_word' id='word_1_14' title='bbox 451 708 675 803; x_wconf 79' lang='lat' dir='ltr'><strong>regionibus:</strong></span> <span class='ocrx_word' id='word_1_15' title='bbox 712 709 835 791; x_wconf 87' lang='lat' dir='ltr'><strong>ltalia,</strong></span> <span class='ocrx_word' id='word_1_16' title='bbox 864 712 1050 804; x_wconf 84' lang='lat' dir='ltr'><strong>Hispania,</strong></span> <span class='ocrx_word' id='word_1_17' title='bbox 1077 711 1159 786; x_wconf 82' lang='lat' dir='ltr'><strong>Gal.</strong></span> 
     </span>
     <span class='ocr_line' id='line_1_4' title="bbox 118 833 1164 930; baseline -0.01 -22"><span class='ocrx_word' id='word_1_18' title='bbox 118 839 171 908; x_wconf 85' lang='lat' dir='ltr'><strong>li&#39;a</strong></span> <span class='ocrx_word' id='word_1_19' title='bbox 202 835 406 908; x_wconf 71' lang='lat' dir='ltr'><strong>consimiles</strong></span> <span class='ocrx_word' id='word_1_20' title='bbox 427 845 621 927; x_wconf 77' lang='lat' dir='ltr'><strong>regnarunt</strong></span> <span class='ocrx_word' id='word_1_21' title='bbox 644 833 758 904; x_wconf 85' lang='lat' dir='ltr'><strong>morbi</strong></span> <span class='ocrx_word' id='word_1_22' title='bbox 790 834 938 926; x_wconf 89' lang='lat' dir='ltr'><strong>ipsaque</strong></span> <span class='ocrx_word' id='word_1_23' title='bbox 972 837 1164 930; x_wconf 67' lang='lat' dir='ltr'><strong>typhoma.·</strong></span> 
     </span>
     <span class='ocr_line' id='line_1_5' title="bbox 118 941 1167 1054; baseline 0.005 -22"><span class='ocrx_word' id='word_1_24' title='bbox 118 961 245 1032; x_wconf 89' lang='lat' dir='ltr'><strong>mania</strong></span> <span class='ocrx_word' id='word_1_25' title='bbox 269 957 535 1054; x_wconf 79' lang='lat' dir='ltr'><strong>praevalentem</strong></span> <span class='ocrx_word' id='word_1_26' title='bbox 565 957 702 1028; x_wconf 89' lang='lat' dir='ltr'><strong>cerebri</strong></span> <span class='ocrx_word' id='word_1_27' title='bbox 729 957 838 1028; x_wconf 77' lang='lat' dir='ltr'><strong>vitam</strong></span> <span class='ocrx_word' id='word_1_28' title='bbox 870 941 1031 1030; x_wconf 80' lang='lat' dir='ltr'><strong>iudicans</strong></span> <span class='ocrx_word' id='word_1_29' title='bbox 1064 964 1167 1038; x_wconf 81' lang='lat' dir='ltr'><strong>banc·</strong></span> 
     </span>
     <span class='ocr_line' id='line_1_6' title="bbox 121 1067 1159 1173; baseline 0 -17"><span class='ocrx_word' id='word_1_30' title='bbox 121 1067 316 1156; x_wconf 87' lang='lat' dir='ltr'><strong>cultiorem</strong></span> <span class='ocrx_word' id='word_1_31' title='bbox 345 1081 582 1153; x_wconf 81' lang='lat' dir='ltr'><strong>humanitatis</strong></span> <span class='ocrx_word' id='word_1_32' title='bbox 608 1081 795 1173; x_wconf 88' lang='lat' dir='ltr'><strong>periodum</strong></span> <span class='ocrx_word' id='word_1_33' title='bbox 824 1082 1052 1156; x_wconf 79' lang='lat' dir='ltr'><strong>manifestare</strong></span> <span class='ocrx_word' id='word_1_34' title='bbox 1082 1090 1159 1162; x_wconf 81' lang='lat' dir='ltr'><strong>visa</strong></span> 
     </span>
     <span class='ocr_line' id='line_1_7' title="bbox 122 1204 1161 1303; baseline 0.005 -23"><span class='ocrx_word' id='word_1_35' title='bbox 122 1219 198 1291; x_wconf 82' lang='lat' dir='ltr'><strong>est,</strong></span> <span class='ocrx_word' id='word_1_36' title='bbox 218 1217 260 1278; x_wconf 91' lang='lat' dir='ltr'><strong>ut</strong></span> <span class='ocrx_word' id='word_1_37' title='bbox 279 1205 339 1278; x_wconf 85' lang='lat' dir='ltr'><strong>vel</strong></span> <span class='ocrx_word' id='word_1_38' title='bbox 355 1206 482 1296; x_wconf 71' lang='lat' dir='ltr'><strong>vulgus</strong></span> <span class='ocrx_word' id='word_1_39' title='bbox 499 1204 596 1275; x_wconf 89' lang='lat' dir='ltr'><strong>hune</strong></span> <span class='ocrx_word' id='word_1_40' title='bbox 608 1204 769 1276; x_wconf 87' lang='lat' dir='ltr'><strong>morbum</strong></span> <span class='ocrx_word' id='word_1_41' title='bbox 779 1205 1011 1300; x_wconf 82' lang='lat' dir='ltr'><strong>adpellaverit</strong></span> <span class='ocrx_word' id='word_1_42' title='bbox 1027 1213 1161 1303; x_wconf 86' lang='lat' dir='ltr'><strong>princi·</strong></span> 
     </span>
     <span class='ocr_line' id='line_1_8' title="bbox 122 1315 1159 1426; baseline 0.009 -25"><span class='ocrx_word' id='word_1_43' title='bbox 122 1344 224 1426; x_wconf 87' lang='lat' dir='ltr'><strong>pem,</strong></span> <span class='ocrx_word' id='word_1_44' title='bbox 248 1328 474 1400; x_wconf 81' lang='lat' dir='ltr'><strong>modicasve</strong></span> <span class='ocrx_word' id='word_1_45' title='bbox 492 1340 714 1420; x_wconf 84' lang='lat' dir='ltr'><strong>procreatam</strong></span> <span class='ocrx_word' id='word_1_46' title='bbox 728 1353 805 1401; x_wconf 89' lang='lat' dir='ltr'><strong>esse</strong></span> <span class='ocrx_word' id='word_1_47' title='bbox 823 1331 916 1402; x_wconf 89' lang='lat' dir='ltr'><strong>banc</strong></span> <span class='ocrx_word' id='word_1_48' title='bbox 934 1315 1159 1425; x_wconf 84' lang='lat' dir='ltr'><strong>paudemiam</strong></span> 
     </span>
     <span class='ocr_line' id='line_1_9' title="bbox 123 1452 563 1548; baseline -0.005 -22"><span class='ocrx_word' id='word_1_49' title='bbox 123 1461 340 1548; x_wconf 78' lang='lat' dir='ltr'><strong>europaeam</strong></span> <span class='ocrx_word' id='word_1_50' title='bbox 360 1452 563 1524; x_wconf 80' lang='lat' dir='ltr'><strong>arbitratur.</strong></span> 
     </span>
    </p>

    <p class='ocr_par' dir='ltr' id='par_1_3' title="bbox 46 1576 1218 3535">
     <span class='ocr_line' id='line_1_10' title="bbox 184 1576 1158 1674; baseline 0.007 -22"><span class='ocrx_word' id='word_1_51' title='bbox 184 1577 305 1652; x_wconf 82' lang='lat' dir='ltr'><strong>Aliam</strong></span> <span class='ocrx_word' id='word_1_52' title='bbox 335 1577 548 1648; x_wconf 88' lang='lat' dir='ltr'><strong>sententiam</strong></span> <span class='ocrx_word' id='word_1_53' title='bbox 573 1576 737 1647; x_wconf 80' lang='lat' dir='ltr'><strong>defendit</strong></span> <span class='ocrx_word' id='word_1_54' title='bbox 763 1576 905 1648; x_wconf 91' lang='lat' dir='ltr'><strong>doctiss.</strong></span> <span class='ocrx_word' id='word_1_55' title='bbox 939 1581 1158 1674; x_wconf 81' lang='lat' dir='ltr'><strong>Qurrzusrur.</strong></span> 
     </span>
     <span class='ocr_line' id='line_1_11' title="bbox 124 1701 1160 1795; baseline -0.002 -21"><span class='ocrx_word' id='word_1_56' title='bbox 124 1703 198 1775; x_wconf 84' lang='lat' dir='ltr'><strong>Hie</strong></span> <span class='ocrx_word' id='word_1_57' title='bbox 216 1701 379 1794; x_wconf 78' lang='lat' dir='ltr'><strong>adposite</strong></span> <span class='ocrx_word' id='word_1_58' title='bbox 390 1701 434 1771; x_wconf 92' lang='lat' dir='ltr'><strong>ad</strong></span> <span class='ocrx_word' id='word_1_59' title='bbox 450 1723 544 1781; x_wconf 87' lang='lat' dir='ltr'><strong>earn,</strong></span> <span class='ocrx_word' id='word_1_60' title='bbox 564 1723 671 1795; x_wconf 89' lang='lat' dir='ltr'><strong>quam</strong></span> <span class='ocrx_word' id='word_1_61' title='bbox 693 1703 793 1794; x_wconf 89' lang='lat' dir='ltr'><strong>prius</strong></span> <span class='ocrx_word' id='word_1_62' title='bbox 807 1713 1037 1795; x_wconf 76' lang='lat' dir='ltr'><strong>proposuerat</strong></span> <span class='ocrx_word' id='word_1_63' title='bbox 1059 1703 1160 1780; x_wconf 76' lang='lat' dir='ltr'><strong>theo.</strong></span> 
     </span>
     <span class='ocr_line' id='line_1_12' title="bbox 125 1824 1160 1920; baseline 0.007 -22"><span class='ocrx_word' id='word_1_64' title='bbox 125 1832 236 1903; x_wconf 87' lang='lat' dir='ltr'><strong>r&#39;iam.</strong></span> <span class='ocrx_word' id='word_1_65' title='bbox 262 1824 402 1895; x_wconf 87' lang='lat' dir='ltr'><strong>morbos</strong></span> <span class='ocrx_word' id='word_1_66' title='bbox 427 1825 614 1917; x_wconf 84' lang='lat' dir='ltr'><strong>populares</strong></span> <span class='ocrx_word' id='word_1_67' title='bbox 639 1824 828 1896; x_wconf 90' lang='lat' dir='ltr'><strong>chronicos</strong></span> <span class='ocrx_word' id='word_1_68' title='bbox 853 1827 1009 1920; x_wconf 87' lang='lat' dir='ltr'><strong>alepra,</strong></span> <span class='ocrx_word' id='word_1_69' title='bbox 1035 1845 1160 1906; x_wconf 82' lang='lat' dir='ltr'><strong>acutos</strong></span> 
     </span>
     <span class='ocr_line' id='line_1_13' title="bbox 127 1947 1218 2052; baseline 0.006 -31"><span class='ocrx_word' id='word_1_70' title='bbox 127 1975 214 2022; x_wconf 78' lang='lat' dir='ltr'><strong>vero</strong></span> <span class='ocrx_word' id='word_1_71' title='bbox 235 1962 367 2042; x_wconf 84' lang='lat' dir='ltr'><strong>apeste</strong></span> <span class='ocrx_word' id='word_1_72' title='bbox 388 1949 534 2018; x_wconf 79' lang='lat' dir='ltr'><strong>traxisse</strong></span> <span class='ocrx_word' id='word_1_73' title='bbox 549 1947 742 2040; x_wconf 83' lang='lat' dir='ltr'><strong>originem:</strong></span> <span class='ocrx_word' id='word_1_74' title='bbox 761 1949 909 2045; x_wconf 80' lang='lat' dir='ltr'><strong>typhum</strong></span> <span class='ocrx_word' id='word_1_75' title='bbox 922 1953 1160 2045; x_wconf 88' lang='lat' dir='ltr'><strong>petechialem</strong></span> <span class='ocrx_word' id='word_1_76' title='bbox 1216 2047 1218 2052; x_wconf 67' lang='lat'>,</span> 
     </span>
     <span class='ocr_line' id='line_1_14' title="bbox 127 2065 1202 2172; baseline 0.007 -26"><span class='ocrx_word' id='word_1_77' title='bbox 127 2087 167 2148; x_wconf 93' lang='lat' dir='ltr'><strong>et</strong></span> <span class='ocrx_word' id='word_1_78' title='bbox 183 2085 320 2169; x_wconf 87' lang='lat' dir='ltr'><strong>pestem</strong></span> <span class='ocrx_word' id='word_1_79' title='bbox 334 2071 568 2167; x_wconf 88' lang='lat' dir='ltr'><strong>inguinariam</strong></span> <span class='ocrx_word' id='word_1_80' title='bbox 587 2074 694 2143; x_wconf 89' lang='lat' dir='ltr'><strong>unius</strong></span> <span class='ocrx_word' id='word_1_81' title='bbox 712 2096 789 2144; x_wconf 89' lang='lat' dir='ltr'><strong>esse</strong></span> <span class='ocrx_word' id='word_1_82' title='bbox 808 2073 1041 2172; x_wconf 84' lang='lat' dir='ltr'><strong>ejusdemque</strong></span> <span class='ocrx_word' id='word_1_83' title='bbox 1059 2080 1160 2153; x_wconf 86' lang='lat' dir='ltr'><strong>lami·</strong></span> <span class='ocrx_word' id='word_1_84' title='bbox 1201 2065 1202 2068; x_wconf 8' lang='grc' dir='ltr'><strong>Ἴ</strong></span> 
     </span>
     <span class='ocr_line' id='line_1_15' title="bbox 127 2181 1158 2292; baseline 0.009 -21"><span class='ocrx_word' id='word_1_85' title='bbox 127 2181 199 2271; x_wconf 88' lang='lat' dir='ltr'><strong>liae</strong></span> <span class='ocrx_word' id='word_1_86' title='bbox 216 2197 422 2269; x_wconf 84' lang='lat' dir='ltr'><strong>morbds&#39;ex</strong></span> <span class='ocrx_word' id='word_1_87' title='bbox 440 2215 514 2265; x_wconf 87' lang='lat' dir='ltr'><strong>uno</strong></span> <span class='ocrx_word' id='word_1_88' title='bbox 533 2195 690 2287; x_wconf 87' lang='lat' dir='ltr'><strong>germine</strong></span> <span class='ocrx_word' id='word_1_89' title='bbox 716 2198 933 2292; x_wconf 85' lang='lat' dir='ltr'><strong>prodeuntes</strong></span> <span class='ocrx_word' id='word_1_90' title='bbox 960 2207 1158 2280; x_wconf 86' lang='lat' dir='ltr'><strong>contendit.</strong></span> 
     </span>
     <span class='ocr_line' id='line_1_16' title="bbox 127 2320 1159 2422; baseline 0.003 -27"><span class='ocrx_word' id='word_1_91' title='bbox 127 2326 185 2396; x_wconf 85' lang='lat' dir='ltr'><strong>Ac</strong></span> <span class='ocrx_word' id='word_1_92' title='bbox 211 2325 344 2417; x_wconf 87' lang='lat' dir='ltr'><strong>pariter</strong></span> <span class='ocrx_word' id='word_1_93' title='bbox 373 2331 416 2391; x_wconf 93' lang='lat' dir='ltr'><strong>ut</strong></span> <span class='ocrx_word' id='word_1_94' title='bbox 443 2343 486 2390; x_wconf 77' lang='lat' dir='ltr'><strong>ea</strong></span> <span class='ocrx_word' id='word_1_95' title='bbox 507 2321 664 2414; x_wconf 83' lang='lat' dir='ltr'><strong>germine</strong></span> <span class='ocrx_word' id='word_1_96' title='bbox 692 2347 777 2393; x_wconf 90' lang='lat' dir='ltr'><strong>sano</strong></span> <span class='ocrx_word' id='word_1_97' title='bbox 798 2320 868 2392; x_wconf 84' lang='lat' dir='ltr'><strong>alia</strong></span> <span class='ocrx_word' id='word_1_98' title='bbox 892 2324 1033 2419; x_wconf 87' lang='lat' dir='ltr'><strong>aliaque</strong></span> <span class='ocrx_word' id='word_1_99' title='bbox 1060 2352 1159 2422; x_wconf 78' lang='lat' dir='ltr'><strong>orga-</strong></span> 
     </span>
     <span class='ocr_line' id='line_1_17' title="bbox 127 2447 1160 2542; baseline 0.003 -22"><span class='ocrx_word' id='word_1_100' title='bbox 127 2467 257 2520; x_wconf 89' lang='lat' dir='ltr'><strong>norum</strong></span> <span class='ocrx_word' id='word_1_101' title='bbox 284 2457 473 2542; x_wconf 88' lang='lat' dir='ltr'><strong>systemata</strong></span> <span class='ocrx_word' id='word_1_102' title='bbox 497 2458 535 2516; x_wconf 87' lang='lat' dir='ltr'><strong>et</strong></span> <span class='ocrx_word' id='word_1_103' title='bbox 551 2469 682 2537; x_wconf 90' lang='lat' dir='ltr'><strong>organa</strong></span> <span class='ocrx_word' id='word_1_104' title='bbox 701 2471 777 2518; x_wconf 85' lang='lat' dir='ltr'><strong>sese</strong></span> <span class='ocrx_word' id='word_1_105' title='bbox 804 2447 1000 2541; x_wconf 86' lang='lat' dir='ltr'><strong>explicant,</strong></span> <span class='ocrx_word' id='word_1_106' title='bbox 1025 2451 1160 2542; x_wconf 85' lang='lat' dir='ltr'><strong>pariter</strong></span> 
     </span>
     <span class='ocr_line' id='line_1_18' title="bbox 131 2568 1158 2666; baseline 0.004 -22"><span class='ocrx_word' id='word_1_107' title='bbox 131 2591 175 2644; x_wconf 84' lang='lat' dir='ltr'><strong>&#39;ex</strong></span> <span class='ocrx_word' id='word_1_108' title='bbox 204 2572 361 2666; x_wconf 85' lang='lat' dir='ltr'><strong>germine</strong></span> <span class='ocrx_word' id='word_1_109' title='bbox 389 2568 552 2640; x_wconf 90' lang='lat' dir='ltr'><strong>morboso</strong></span> <span class='ocrx_word' id='word_1_110' title='bbox 577 2571 662 2640; x_wconf 90' lang='lat' dir='ltr'><strong>alias</strong></span> <span class='ocrx_word' id='word_1_111' title='bbox 693 2572 850 2666; x_wconf 86' lang='lat' dir='ltr'><strong>aliasque</strong></span> <span class='ocrx_word' id='word_1_112' title='bbox 878 2571 996 2642; x_wconf 84' lang='lat' dir='ltr'><strong>evolvi</strong></span> <span class='ocrx_word' id='word_1_113' title='bbox 1030 2574 1158 2648; x_wconf 80' lang='lat' dir='ltr'><strong>formas</strong></span> 
     </span>
     <span class='ocr_line' id='line_1_19' title="bbox 133 2695 1158 2790; baseline 0.006 -24"><span class='ocrx_word' id='word_1_114' title='bbox 133 2707 168 2766; x_wconf 79' lang='lat' dir='ltr'><strong>et</strong></span> <span class='ocrx_word' id='word_1_115' title='bbox 188 2705 422 2790; x_wconf 79' lang='lat' dir='ltr'><strong>symptomata</strong></span> <span class='ocrx_word' id='word_1_116' title='bbox 438 2695 650 2765; x_wconf 89' lang='lat' dir='ltr'><strong>morborum.</strong></span> <span class='ocrx_word' id='word_1_117' title='bbox 694 2697 727 2766; x_wconf 82' lang='lat' dir='ltr'><strong>A</strong></span> <span class='ocrx_word' id='word_1_118' title='bbox 744 2696 862 2764; x_wconf 89' lang='lat' dir='ltr'><strong>medio</strong></span> <span class='ocrx_word' id='word_1_119' title='bbox 880 2696 999 2766; x_wconf 86' lang='lat' dir='ltr'><strong>seculo</strong></span> <span class='ocrx_word' id='word_1_120' title='bbox 1017 2698 1158 2772; x_wconf 84' lang='lat' dir='ltr'><strong>decimo</strong></span> 
     </span>
     <span class='ocr_line' id='line_1_20' title="bbox 131 2818 1160 2914; baseline 0.001 -25"><span class='ocrx_word' id='word_1_121' title='bbox 131 2822 258 2914; x_wconf 86' lang='lat' dir='ltr'><strong>quinto</strong></span> <span class='ocrx_word' id='word_1_122' title='bbox 285 2843 328 2889; x_wconf 84' lang='lat' dir='ltr'><strong>ex</strong></span> <span class='ocrx_word' id='word_1_123' title='bbox 354 2839 539 2910; x_wconf 85' lang='lat' dir='ltr'><strong>processus</strong></span> <span class='ocrx_word' id='word_1_124' title='bbox 573 2818 714 2912; x_wconf 89' lang='lat' dir='ltr'><strong>typhosi</strong></span> <span class='ocrx_word' id='word_1_125' title='bbox 743 2830 780 2889; x_wconf 91' lang='lat' dir='ltr'><strong>et</strong></span> <span class='ocrx_word' id='word_1_126' title='bbox 809 2822 1075 2892; x_wconf 89' lang='lat' dir='ltr'><strong>constitutionis</strong></span> <span class='ocrx_word' id='word_1_127' title='bbox 1105 2825 1160 2896; x_wconf 83' lang='lat' dir='ltr'><strong>le.</strong></span> 
     </span>
     <span class='ocr_line' id='line_1_21' title="bbox 133 2931 1159 3040; baseline 0.004 -26"><span class='ocrx_word' id='word_1_128' title='bbox 133 2966 257 3040; x_wconf 88' lang='lat' dir='ltr'><strong>prosae</strong></span> <span class='ocrx_word' id='word_1_129' title='bbox 278 2943 465 3014; x_wconf 87' lang='lat' dir='ltr'><strong>connubiis</strong></span> <span class='ocrx_word' id='word_1_130' title='bbox 483 2967 594 3013; x_wconf 89' lang='lat' dir='ltr'><strong>novos</strong></span> <span class='ocrx_word' id='word_1_131' title='bbox 616 2954 801 3033; x_wconf 86' lang='lat' dir='ltr'><strong>generatos</strong></span> <span class='ocrx_word' id='word_1_132' title='bbox 822 2965 898 3012; x_wconf 90' lang='lat' dir='ltr'><strong>esse</strong></span> <span class='ocrx_word' id='word_1_133' title='bbox 917 2931 1070 3025; x_wconf 85' lang='lat' dir='ltr'><strong>morbos,</strong></span> <span class='ocrx_word' id='word_1_134' title='bbox 1097 2971 1159 3018; x_wconf 90' lang='lat' dir='ltr'><strong>eo·</strong></span> 
     </span>
     <span class='ocr_line' id='line_1_22' title="bbox 133 3068 1161 3161; baseline 0.003 -23"><span class='ocrx_word' id='word_1_135' title='bbox 133 3071 220 3152; x_wconf 81' lang='lat' dir='ltr'><strong>&#39;dem</strong></span> <span class='ocrx_word' id='word_1_136' title='bbox 244 3068 320 3138; x_wconf 83' lang='lat' dir='ltr'><strong>lere</strong></span> <span class='ocrx_word' id='word_1_137' title='bbox 351 3079 508 3161; x_wconf 88' lang='lat' dir='ltr'><strong>tempore</strong></span> <span class='ocrx_word' id='word_1_138' title='bbox 532 3068 859 3138; x_wconf 65' lang='lat' dir='ltr'><strong>ex&#39;constitutione</strong></span> <span class='ocrx_word' id='word_1_139' title='bbox 884 3070 1071 3159; x_wconf 87' lang='lat' dir='ltr'><strong>pestilenti</strong></span> <span class='ocrx_word' id='word_1_140' title='bbox 1097 3095 1161 3141; x_wconf 82' lang='lat' dir='ltr'><strong>no-</strong></span> 
     </span>
     <span class='ocr_line' id='line_1_23' title="bbox 72 3181 1159 3286; baseline -0.001 -21"><span class='ocrx_word' id='word_1_141' title='bbox 72 3217 78 3242; x_wconf 76' lang='lat'><strong>·</strong></span> <span class='ocrx_word' id='word_1_142' title='bbox 123 3181 211 3265; x_wconf 47' lang='lat' dir='ltr'><strong>‘vasu</strong></span> <span class='ocrx_word' id='word_1_143' title='bbox 232 3192 342 3286; x_wconf 87' lang='lat' dir='ltr'><strong>pestis</strong></span> <span class='ocrx_word' id='word_1_144' title='bbox 368 3191 522 3285; x_wconf 87' lang='lat' dir='ltr'><strong>speciem</strong></span> <span class='ocrx_word' id='word_1_145' title='bbox 544 3214 621 3261; x_wconf 89' lang='lat' dir='ltr'><strong>esse</strong></span> <span class='ocrx_word' id='word_1_146' title='bbox 644 3202 785 3271; x_wconf 80' lang='lat' dir='ltr'><strong>natans,</strong></span> <span class='ocrx_word' id='word_1_147' title='bbox 811 3215 903 3286; x_wconf 89' lang='lat' dir='ltr'><strong>quae</strong></span> <span class='ocrx_word' id='word_1_148' title='bbox 928 3195 1078 3283; x_wconf 88' lang='lat' dir='ltr'><strong>priscam</strong></span> <span class='ocrx_word' id='word_1_149' title='bbox 1099 3197 1159 3265; x_wconf 88' lang='lat' dir='ltr'><strong>in-</strong></span> 
     </span>
     <span class='ocr_line' id='line_1_24' title="bbox 46 3313 1159 3416; baseline 0.002 -28"><span class='ocrx_word' id='word_1_150' title='bbox 46 3405 48 3416; x_wconf 32' lang='lat'><em>.</em></span> <span class='ocrx_word' id='word_1_151' title='bbox 132 3319 314 3410; x_wconf 87' lang='lat' dir='ltr'><strong>guinariae</strong></span> <span class='ocrx_word' id='word_1_152' title='bbox 329 3315 483 3410; x_wconf 87' lang='lat' dir='ltr'><strong>speeiem</strong></span> <span class='ocrx_word' id='word_1_153' title='bbox 501 3315 612 3408; x_wconf 90' lang='lat' dir='ltr'><strong>pestis</strong></span> <span class='ocrx_word' id='word_1_154' title='bbox 632 3313 671 3382; x_wconf 92' lang='lat' dir='ltr'><strong>in</strong></span> <span class='ocrx_word' id='word_1_155' title='bbox 694 3315 771 3384; x_wconf 90' lang='lat' dir='ltr'><strong>dies</strong></span> <span class='ocrx_word' id='word_1_156' title='bbox 789 3315 1002 3386; x_wconf 88' lang='lat' dir='ltr'><strong>arctioribus</strong></span> <span class='ocrx_word' id='word_1_157' title='bbox 1027 3317 1159 3390; x_wconf 88' lang='lat' dir='ltr'><strong>finibus</strong></span> 
     </span>
     <span class='ocr_line' id='line_1_25' title="bbox 132 3438 1134 3535; baseline -0.001 -22"><span class='ocrx_word' id='word_1_158' title='bbox 132 3441 436 3513; x_wconf 84' lang='lat' dir='ltr'><strong>&#39;circumscriberet</strong></span> <span class='ocrx_word' id='word_1_159' title='bbox 455 3438 671 3532; x_wconf 86' lang='lat' dir='ltr'><strong>tandemque</strong></span> <span class='ocrx_word' id='word_1_160' title='bbox 693 3461 735 3508; x_wconf 82' lang='lat' dir='ltr'><strong>er</strong></span> <span class='ocrx_word' id='word_1_161' title='bbox 756 3438 895 3532; x_wconf 85' lang='lat' dir='ltr'><strong>Europa</strong></span> <span class='ocrx_word' id='word_1_162' title='bbox 919 3440 1134 3535; x_wconf 71' lang='lat' dir='ltr'><strong>profligaret.</strong></span> 
     </span>
    </p>

    <p class='ocr_par' dir='ltr' id='par_1_4' title="bbox 121 3560 1162 4154">
     <span class='ocr_line' id='line_1_26' title="bbox 178 3560 1161 3658; baseline 0.002 -22"><span class='ocrx_word' id='word_1_163' title='bbox 178 3566 240 3636; x_wconf 87' lang='lat' dir='ltr'><strong>Ab</strong></span> <span class='ocrx_word' id='word_1_164' title='bbox 264 3567 427 3658; x_wconf 89' lang='lat' dir='ltr'><strong>utrisque</strong></span> <span class='ocrx_word' id='word_1_165' title='bbox 450 3560 637 3633; x_wconf 85' lang='lat' dir='ltr'><strong>sententiis</strong></span> <span class='ocrx_word' id='word_1_166' title='bbox 668 3585 788 3633; x_wconf 90' lang='lat' dir='ltr'><strong>rursus</strong></span> <span class='ocrx_word' id='word_1_167' title='bbox 811 3563 989 3657; x_wconf 74' lang='lat' dir='ltr'><strong>discrepat</strong></span> <span class='ocrx_word' id='word_1_168' title='bbox 1017 3566 1161 3643; x_wconf 74' lang='lat' dir='ltr'><strong>Ouarar</strong></span> 
     </span>
     <span class='ocr_line' id='line_1_27' title="bbox 131 3663 1160 3784; baseline -0.008 -25"><span class='ocrx_word' id='word_1_169' title='bbox 131 3675 356 3784; x_wconf 73' lang='lat' dir='ltr'><strong>bonjectura‚</strong></span> <span class='ocrx_word' id='word_1_170' title='bbox 382 3663 630 3758; x_wconf 84' lang='lat' dir='ltr'><strong>contendentis</strong></span> <span class='ocrx_word' id='word_1_171' title='bbox 651 3686 799 3780; x_wconf 82' lang='lat' dir='ltr'><strong>typhum</strong></span> <span class='ocrx_word' id='word_1_172' title='bbox 823 3690 1056 3780; x_wconf 81' lang='lat' dir='ltr'><strong>peteobialenr</strong></span> <span class='ocrx_word' id='word_1_173' title='bbox 1079 3713 1160 3784; x_wconf 88' lang='lat' dir='ltr'><strong>pro.</strong></span> 
     </span>
     <span class='ocr_line' id='line_1_28' title="bbox 129 3810 1161 3909; baseline 0.003 -25"><span class='ocrx_word' id='word_1_174' title='bbox 129 3815 224 3884; x_wconf 73' lang='lat' dir='ltr'><strong>xime</strong></span> <span class='ocrx_word' id='word_1_175' title='bbox 253 3837 296 3882; x_wconf 84' lang='lat' dir='ltr'><strong>ex</strong></span> <span class='ocrx_word' id='word_1_176' title='bbox 317 3825 416 3907; x_wconf 83' lang='lat' dir='ltr'><strong>peste</strong></span> <span class='ocrx_word' id='word_1_177' title='bbox 448 3810 647 3904; x_wconf 87' lang='lat' dir='ltr'><strong>inguinaria</strong></span> <span class='ocrx_word' id='word_1_178' title='bbox 677 3813 903 3903; x_wconf 82' lang='lat' dir='ltr'><strong>provenisse,</strong></span> <span class='ocrx_word' id='word_1_179' title='bbox 942 3836 984 3881; x_wconf 92' lang='lat' dir='ltr'><strong>eo</strong></span> <span class='ocrx_word' id='word_1_180' title='bbox 1000 3817 1161 3909; x_wconf 89' lang='lat' dir='ltr'><strong>.quidem</strong></span> 
     </span>
     <span class='ocr_line' id='line_1_29' title="bbox 128 3909 1162 4026; baseline -0.009 -20"><span class='ocrx_word' id='word_1_181' title='bbox 128 3941 257 4017; x_wconf 73' lang='lat' dir='ltr'><strong>sensu,</strong></span> <span class='ocrx_word' id='word_1_182' title='bbox 282 3951 325 4007; x_wconf 91' lang='lat' dir='ltr'><strong>ut</strong></span> <span class='ocrx_word' id='word_1_183' title='bbox 351 3909 445 4006; x_wconf 85' lang='lat' dir='ltr'><strong>bano</strong></span> <span class='ocrx_word' id='word_1_184' title='bbox 476 3935 572 4006; x_wconf 92' lang='lat' dir='ltr'><strong>illius</strong></span> <span class='ocrx_word' id='word_1_185' title='bbox 598 3911 780 4026; x_wconf 86' lang='lat' dir='ltr'><strong>parentem</strong></span> <span class='ocrx_word' id='word_1_186' title='bbox 809 3935 949 4005; x_wconf 82' lang='lat' dir='ltr'><strong>habeat.</strong></span> <span class='ocrx_word' id='word_1_187' title='bbox 998 3939 1070 4010; x_wconf 89' lang='lat' dir='ltr'><strong>Nee</strong></span> <span class='ocrx_word' id='word_1_188' title='bbox 1100 3940 1162 4010; x_wconf 91' lang='lat' dir='ltr'><strong>de.</strong></span> 
     </span>
     <span class='ocr_line' id='line_1_30' title="bbox 121 4035 1160 4154; baseline 0.002 -24"><span class='ocrx_word' id='word_1_189' title='bbox 121 4063 236 4142; x_wconf 68' lang='lat' dir='ltr'><strong>lunt,</strong></span> <span class='ocrx_word' id='word_1_190' title='bbox 262 4061 325 4154; x_wconf 93' lang='lat' dir='ltr'><strong>qui</strong></span> <span class='ocrx_word' id='word_1_191' title='bbox 339 4035 416 4154; x_wconf 33' lang='lat' dir='ltr'><strong>jarn&#39;</strong></span> <span class='ocrx_word' id='word_1_192' title='bbox 430 4067 618 4153; x_wconf 81' lang='lat' dir='ltr'><strong>antequam</strong></span> <span class='ocrx_word' id='word_1_193' title='bbox 636 4059 747 4151; x_wconf 87' lang='lat' dir='ltr'><strong>pestis</strong></span> <span class='ocrx_word' id='word_1_194' title='bbox 766 4059 965 4150; x_wconf 81' lang='lat' dir='ltr'><strong>inguinaria</strong></span> <span class='ocrx_word' id='word_1_195' title='bbox 983 4062 1160 4154; x_wconf 86' lang='lat' dir='ltr'><strong>Europam</strong></span> 
     </span>
    </p>
   </div>
   <div class='ocr_carea' id='block_1_3' title="bbox 0 0 1428 4874">
    <p class='ocr_par' dir='ltr' id='par_1_5' title="bbox 0 0 1428 4874">
     <span class='ocr_line' id='line_1_31' title="bbox 0 0 1428 4874; baseline 0 0"><span class='ocrx_word' id='word_1_196' title='bbox 0 0 1428 4874; x_wconf 95' lang='lat' dir='ltr'><strong> </strong></span> 
     </span>
    </p>
   </div>
  </div>
 </body>
</html>
