2834 4874
265 399 324 462 lto
541 401 1013 498 turunlulrruurua

269 580 317 650 erl
339 589 568 672 conspectum
596 579 874 672 epidemieorum
904 581 1163 652 autumnalium
1200 593 1305 677 terga

266 703 401 773 dabant
430 703 636 773 rietoribus.
692 705 771 774 Hoe
799 704 923 773 ordine
957 705 1073 774 morbi
1106 708 1303 798 epidemiei

263 829 439 919 integram
469 827 563 896 hane
594 827 688 898 aeris
723 827 1016 897 constitutionem
1052 829 1301 920 pervadebant

266 963 358 1022 etse
378 961 504 1020 mutuo
526 950 837 1046 insequebantur.”

313 1075 564 1168 Comparantes
583 1075 792 1146 Srnsuusm
809 1073 1019 1144 relationem
1037 1097 1120 1145 eum
1138 1099 1181 1144 ea
1201 1075 1304 1149 Mou-

265 1219 346 1270 roru
371 1198 544 1294 aequalis,
568 1198 796 1292 intelligetis,
821 1210 995 1292 quantum
1021 1196 1190 1291 inhujus
1211 1197 1302 1270 doe·

265 1326 395 1395 trinam
424 1323 600 1394 medicam
624 1323 697 1394 rim
725 1321 893 1392 habuerit
925 1333 1009 1391 nota
1040 1320 1110 1392 hoe
1136 1334 1300 1416 tempere

267 1458 354 1517 eort.
386 1448 573 1541 peruviani
605 1445 651 1517 ad
683 1444 800 1518 febres
831 1444 1059 1516 debellandas
1089 1445 1296 1520 effleaeitas.

266 1571 304 1643 Is
323 1571 419 1641 enirn
439 1570 704 1666 preteiformem
725 1567 834 1640 febris
856 1567 1127 1640 interminantis
1152 1572 1300 1664 genium

254 1695 435 1786 miratus,
470 1693 516 1764 ab
544 1691 764 1765 ann01658.
800 1715 915 1787 nsque
948 1692 995 1762 ad
1027 1715 1160 1762 annum
1190 1694 1297 1768 1691.

264 1820 462 1913 principem
480 1819 574 1890 inter
602 1819 718 1889 febres
739 1817 858 1886 locum
885 1817 1205 1889 intermittentibus
1230 1817 1299 1889 lra-

264 1965 417 2037 rumque
445 1941 603 2033 cognatis
634 1939 898 2010 remittentibus
930 1940 1122 2033 periodicis
1154 1942 1296 2018 tribuit.

265 2065 427 2136 »Febris
446 2063 554 2134 uniea
586 2065 781 2158 epidemia,
806 2063 925 2158 inquit
949 2057 1122 2159 (Append.
1145 2087 1179 2158 p.
1197 2065 1295 2162 242.)

264 2211 372 2283 quam
388 2187 534 2280 singulis
559 2185 738 2268 autumnis
753 2189 829 2282 jam
848 2210 912 2282 per
930 2199 1086 2283 quatuor
1104 2187 1216 2261 lustra
1233 2215 1298 2263 an·

264 2332 391 2386 norum
420 2313 613 2382 solenniter
641 2310 854 2405 repullulare
882 2310 1086 2393 observavi,
1111 2311 1182 2384 tuit
1206 2340 1295 2388 rere

264 2445 382 2528 συνεχὴς
406 2435 553 2528 simplex
572 2447 609 2506 et
629 2458 723 2530 quae
747 2436 870 2506 eortiei
895 2433 1107 2529 tempestive
1131 2439 1295 2510 exhibito

264 2583 401 2654 semper
428 2558 556 2629 sedere
587 2558 732 2630 solebat.
780 2557 904 2653 Neque
938 2559 1148 2630 constitutis
1179 2564 1296 2633 vario-

261 2685 356 2765 losa,
381 2682 653 2778 erysipelatosa,
685 2683 930 2765 sentatinosa,
964 2683 1205 2766 rheumatica,
1232 2709 1296 2755 an-

262 2811 403 2903 ginos'a,
427 2805 645 2899 pleuritica,
660 2807 718 2879 vel
740 2808 878 2902 siquae
899 2809 946 2878 sit
966 2808 1053 2888 alia,
1077 2806 1116 2877 in
1137 2809 1294 2880 una-vel

262 2935 374 3004 altera
392 2930 477 3000 anni
497 2941 706 3024 tempestate
726 2941 895 3022 grassata,
922 2929 1012 3002 aden
1031 2947 1209 3003 venenum
1228 2955 1294 3002 au·

263 3057 423 3129 tumnale
452 3054 624 3134 mutarit,
649 3067 692 3126 ut
713 3052 823 3124 lebris
842 3053 1019 3147 epidemia
1041 3054 1080 3126 in
1099 3066 1154 3126 tot
1179 3077 1293 3125 anno-

236 3187 343 3252 'rum
369 3180 524 3250 deeursu
548 3201 570 3247 a
596 3191 680 3272 typo
711 3173 814 3247 solito
842 3177 1035 3272 quiequam
1057 3177 1292 3264 deflecteret,

264 3317 328 3376 aut
349 3328 443 3374 novo
460 3301 675 3397 diverseque
699 3315 823 3372 tenore
841 3302 1085 3394 presederet’'
1139 3325 1143 3334 ·

325 3428 442 3520 Hujus
475 3429 609 3520 pariter
640 3438 835 3522 symptoma
866 3424 996 3496 habuit
1029 3426 1290 3520 dysenteriam,

263 3565 351 3623 tune
386 3549 554 3644 temporis
587 3549 827 3628 saevientem,
862 3549 952 3642 quin
983 3559 1021 3620 et
1049 3570 1147 3644 rpem
1173 3549 1290 3634 ferit,

260 3687 398 3770 pestem
418 3671 595 3766 febrifuga
618 3670 772 3741 feliciter
790 3673 1027 3766 oppugnandi.

312 3797 434 3893 Atque
453 3798 557 3868 abeo
578 3795 662 3866 inde
685 3805 843 3890 tempore
864 3809 949 3866 nata
969 3807 1023 3868 est
1047 3797 1108 3869 illa
1133 3795 1289 3870 febrium
1328 3793 1332 3800 λ

260 3922 575 3993 intermittentium
616 3919 830 3990 larvatarum
868 3918 1054 4000 doctrina,
1097 3922 1169 4017 qui
1204 3933 1291 3994 utut

261 4048 446 4122 llenronus
478 4040 653 4139 multique
680 4055 759 4140 post
789 4067 870 4116 eum
899 4043 1001 4117 abusi
1030 4057 1133 4129 sunt,
1168 4056 1290 4122 tamen
