2834 4874
247 357 288 422 92
522 354 681 418 SUDOR
723 359 1008 422 inculcas:

249 541 357 634 nique
385 535 479 606 calor
501 537 594 606 baud
618 539 743 632 procul
765 561 787 606 a
805 539 911 610 corde
942 543 1115 622 sentitur,
1141 538 1203 636 qui
1229 535 1278 612 ad

249 662 433 733 cerebrum
451 660 618 731 devolans
638 660 804 730 delirium
830 661 995 742 adducit,
1021 666 1278 737 internecionis

246 788 428 889 nuncium.
478 785 577 854 Alios
606 784 839 854 somnolentia
858 787 1048 879 prehendit
1067 801 1104 859 et
1124 790 1277 860 inevita-

246 911 329 981 bitis
348 927 461 1004 sopor.
510 885 659 978 Interim
684 908 812 979 sudore
839 908 1051 984 diffluebant
1073 913 1192 984 odoris
1219 925 1274 984 ta.
1404 919 1405 952 r

247 1019 408 1112 terrimi,
429 1057 513 1104 curn
541 1033 612 1103 alvi
638 1031 814 1102 solutione
840 1055 882 1100 ao
909 1033 988 1102 lotii
1014 1033 1110 1105 haud
1133 1034 1274 1105 modica

246 1160 425 1254 ejectione
456 1160 555 1230 inea
582 1156 694 1227 morbi
713 1156 849 1248 specie,
873 1179 966 1249 quae
991 1171 1153 1228 curatum
1179 1161 1284 1229 itura

248 1293 313 1353 est.
358 1282 505 1354 Febrem
524 1283 630 1354 sudor
657 1279 827 1360 finiebat,
852 1287 933 1370 post
953 1302 990 1348 se
1012 1279 1216 1376 relinquens
1235 1283 1273 1352 in

246 1407 530 1478 extremitatibus
557 1403 712 1498 corporis
734 1401 893 1495 pustulas
913 1424 1058 1495 parrae,
1084 1379 1274 1474 admodum

248 1541 510 1625 exasperantes,
542 1529 700 1602 diversas
732 1537 771 1596 et
789 1526 959 1618 malignas
983 1529 1179 1598 secuudum
1203 1527 1274 1598 bu·
1405 1505 1406 1590 Ϊ

244 1663 382 1727 morum
402 1651 688 1746 malignitatem.¹'
1052 1645 1056 1654 ’

293 1777 424 1850 Crebro
448 1801 538 1872 quos
560 1775 725 1869 reliquit,
750 1763 851 1842 hreni
875 1772 1064 1845 intervallo
1087 1787 1273 1870 repetens,

245 1899 364 1973 &uuo
382 1899 589 1995 prehendit,
613 1921 681 1968 nec
701 1895 739 1966 id
761 1895 885 1976 semel,
911 1896 973 1966 sed
989 1897 1063 1979 bis,
1090 1909 1159 1978 ter,
1184 1925 1280 1993 quar

245 2037 323 2106 tar,
347 2021 463 2092 donec
491 2021 529 2091 in
558 2020 770 2114 hydropem,
804 2030 868 2089 aut
898 2021 996 2092 aliud
1021 2021 1134 2093 morbi
1160 2047 1278 2116 genus·

247 2169 372 2222 versus
411 2145 554 2216 taudem
588 2143 773 2236 extinguat
806 2144 942 2216 miseris
985 2146 1272 2219 excarnificatum

248 2270 372 2344 modia.
430 2269 612 2366 Immunes
641 2278 742 2338 eraut
777 2263 881 2362 pueri
915 2282 963 2340 ot‘
983 2291 1084 2341 senes
1121 2270 1171 2340 ab
1202 2273 1271 2344 hoo

247 2397 350 2468 malo.
388 2392 717 2484 Praeternavigavit
736 2392 843 2476 etiam
862 2414 986 2486 magna
1008 2418 1050 2464 ex
1065 2407 1166 2488 parte
1182 2409 1278 2466 atra.

248 2519 391 2590 bilarios
412 2527 450 2588 et
477 2514 666 2584 emaciatos
697 2538 857 2610 corpore,
882 2519 1050 2612 quoniam
1078 2533 1115 2592 et
1144 2522 1272 2594 borum

231 2643 396 2736 'corpora
423 2638 538 2733 putris
565 2639 663 2709 succi
693 2641 850 2732 expertia
878 2643 1011 2710 eraut.”
1059 2644 1113 2714 De
1142 2649 1274 2718 caussis

248 2779 392 2837 autem:
433 2762 569 2858 »juvit
611 2762 718 2832 etiam
754 2766 923 2858 auxitque
963 2766 1116 2848 malum,
1156 2770 1278 2866 iuquit
1407 2811 1408 2826 κ

250 2891 400 2983 scriptor
419 2898 648 2966 coaetaneus,
674 2885 840 2982 frequens
869 2888 1051 2984 multaque
1073 2892 1215 2987 crapula
1238 2906 1276 2968 et

249 3016 289 3087 iu
314 3011 518 3109 potionibus
547 3009 660 3080 otiosa
689 3010 766 3079 rita
794 3022 924 3082 nostra.
1018 3063 1022 3070 .

299 3142 353 3213 lie
366 3137 433 3206 hac
442 3145 569 3227 quarta
581 3132 756 3226 epidemia
765 3157 915 3230 sequens
926 3149 1040 3207 exstat
1050 3137 1177 3208 relatio
1186 3139 1213 3210 F
1214 3159 1277 3210 aa·

251 3261 396 3340 aaan:”
423 3258 539 3329 febres
560 3255 772 3327 sudorificae
784 3257 975 3329 insolentes
994 3283 1119 3353 magno
1142 3273 1275 3332 terrore

250 3391 290 3461 io
304 3398 443 3458 omnem
456 3379 661 3450 inferiorem
673 3378 914 3462 Germaniam,
935 3383 974 3450 iu
992 3382 1143 3454 Galliam
1157 3384 1274 3476 Belgi·

251 3537 328 3585 oam
343 3525 381 3582 et
395 3513 433 3576 in
446 3504 663 3576 Britanniam
673 3503 719 3572 ab
734 3527 826 3574 armo
837 3504 965 3574 Christi
980 3507 1081 3577 1525.
1094 3507 1132 3575 iu
1142 3529 1279 3578 annum·

254 3635 347 3708 1530
364 3643 535 3700 autumno
554 3625 775 3718 potissimum
793 3642 1005 3721 pervagatae
1024 3640 1116 3701 suut
1142 3631 1191 3705 Ut
1203 3631 1280 3722 pri·'

250 3781 346 3830 mum
357 3757 434 3824 lues
451 3751 540 3820 haec
554 3748 592 3818 iu
611 3749 795 3820 civitatem
804 3753 982 3845 quandam
1002 3753 1198 3836 invaserat,
1211 3755 1276 3827 de-

250 3891 398 3976 repente
418 3899 522 3969 supra
541 3885 793 3945 trecentosaut
815 3875 1028 3968 quingentos
1047 3877 1181 3950 indies
1196 3902 1284 3950 cor-¹

249 4003 424 4101 ripiebat,
459 4000 545 4069 dum
573 3999 659 4068 bino
692 3998 761 4068 alio
791 3999 1061 4094 commigrasset.
1116 4001 1285 4074 Perculsi·
