2812 4864
319 389 470 473 ‘creor
502 391 886 455 emmeramme·
1064 391 1127 482 ‘aaa

98 591 251 674 nequeat
278 577 339 669 (†).
388 574 521 644 Verum
544 572 611 640 alia
636 573 737 665 longe
757 572 919 665 quaestio
939 581 1012 652 est,
1038 593 1125 640 num

98 705 144 774 ad
174 704 339 780 scientias
362 696 575 769 excolendas
605 717 732 786 suppar
757 696 932 764 universis
954 696 1000 764 sit
1030 694 1126 790 iuge·

98 829 207 899 nium.
255 825 325 897 Nos
350 819 519 912 emopaei
542 815 672 911 primas
708 828 824 907 partes
854 818 1035 888 caucasiae
1065 835 1124 890 ra·

99 950 220 1019 rietati
241 946 400 1017 tribuere
422 942 583 1013 solemus.
627 937 827 1025 Meminisse
848 951 966 1011 tamen
982 940 1126 1034 juvabit

96 1089 135 1142 et
167 1074 300 1141 cultum
332 1064 573 1162 aegyptiorum
608 1060 684 1155 (²⁴),
721 1087 871 1156 quorum
898 1066 1124 1136 institutione

97 1183 326 1290 profecerant
345 1198 532 1264 retereset
551 1189 685 1256 cultum
704 1188 914 1266 sinensium,
933 1211 1021 1281 quos
1040 1210 1122 1280 geo·

96 1321 267 1414 graphiae
297 1315 424 1412 peritia
461 1309 657 1391 excellere,
691 1310 986 1405 locupletissimus
1020 1298 1122 1382 nobis
1160 1325 1164 1334 '

97 1445 201 1514 testis
220 1452 275 1513 est
293 1441 561 1543 Houeoourros:
586 1444 630 1504 ut
643 1434 802 1526 utrisque
817 1433 997 1526 ingenium
1013 1433 1123 1505 aritb'e

95 1567 266 1636 meticum
304 1575 342 1634 et
371 1556 661 1632 mathematicum
697 1557 904 1648 adjudicare
937 1571 1118 1650 oporteat:

95 1686 393 1782 quemadmodum
417 1681 550 1776 graecis
578 1681 760 1773 ingenium
785 1680 856 1751 luit
878 1681 923 1751 ad
949 1682 1120 1775 ingenuas

94 1822 191 1880 artes
217 1812 431 1900 litterasque·
464 1805 709 1884 humaniores,
735 1805 987 1899 'ger-manisque
1022 1805 1121 1896 inge·

95 1935 196 2004 nium
216 1942 270 2000 est
285 1929 577 2022 metaphysicum.
660 1977 664 1986 .

147 2055 206 2127 An
232 2052 426 2123 secundum
459 2074 564 2120 zonas
591 2061 629 2121 et
653 2048 813 2120 homiues
831 2062 869 2122 et
888 2054 1027 2123 morbos
1046 2055 1119 2125 dis·

94 2182 258 2272 tinguere
275 2177 380 2255 licat,
405 2174 461 2244 uti
480 2175 658 2243 nonnullis
677 2173 790 2244 risum
809 2188 881 2256 est,
907 2188 948 2246 ut
970 2177 1028 2246 alii
1050 2179 1120 2248 sint
1181 2147 1188 2192 ἶ

96 2299 298 2394 aequatoris
316 2309 354 2368 et
372 2297 605 2390 tropicorum,
631 2296 693 2365 alii
710 2291 922 2379 borealium,
949 2299 1007 2368 alii
1031 2311 1119 2370 tem-

94 2436 297 2520 peretarum
318 2418 526 2514 regionum?
575 2420 634 2492 Au
652 2420 767 2493 morbi
789 2423 1008 2504 abdominis,
1034 2448 1118 2517 pcc·

95 2549 202 2628 toris,
241 2545 367 2638 capitis
406 2542 550 2634 singulis
585 2545 681 2614 zonis
718 2548 914 2639 peculiares
950 2550 1118 2619 censendi

96 2671 206 2742 sunt?
256 2669 301 2736 Id
322 2664 466 2758 quidem
486 2685 589 2734 nemo
606 2665 709 2734 lacile
730 2670 974 2748 contenderit,
998 2670 1118 2742 obser·

96 2815 203 2878 rans,
228 2811 345 2882 neque
375 2785 513 2856 morbos
533 2787 726 2880 gastricos,
749 2813 867 2884 neque
896 2793 1035 2862 morbos
1059 2795 1118 2865 in·

96 3008 400 3034 ...affl-⁸⁸⁸

137 3131 179 3212 (ᾧ)
209 3130 331 3210 Linguae
348 3126 481 3203 copticae,
504 3126 659 3198 semiticae,
680 3128 942 3209 indo-germanicae,
963 3131 1123 3208 monosylla-

98 3243 172 3303 bicaa
192 3241 267 3300 Asiae
292 3235 444 3303 orientalis,
473 3241 500 3294 et
518 3235 737 3314 polysyntheticae
756 3239 908 3308 lineriaco,
930 3259 997 3299 num
1015 3239 1049 3298 ad
1065 3243 1123 3302 sin·

97 3349 173 3428 gelu
197 3349 336 3408 varietates
363 3345 458 3405 reterri
476 3343 591 3404 debent:
618 3345 720 3424 priores
745 3344 777 3405 ad
802 3345 994 3426 aethiopicam,
1022 3350 1123 3410 mediae
1204 3355 1207 3364 ’

97 3459 130 3518 ad
158 3458 322 3529 caucasiam,
355 3455 462 3514 ultimae
489 3453 521 3514 ad
547 3451 747 3534 mongolicam?
790 3455 861 3533 Quid
879 3457 970 3518 docuit
996 3445 1122 3520 hacteuus

97 3567 253 3647 linguarum
271 3566 379 3625 scientia
398 3561 540 3642 geneticai
1111 3558 1115 3570 '

148 3678 199 3751 (Ἴ
227 3675 342 3734 Tametsi
374 3673 431 3733 aliis
462 3674 538 3733 aliter
565 3674 704 3747 videatur,
734 3677 785 3756 qui
812 3677 993 3756 aegyptiorum
1020 3677 1123 3738 tribum

96 3784 247 3856 nobilium,
269 3782 322 3841 sire
345 3782 511 3842 sacerdotum
531 3784 664 3844 caucasiae
685 3784 804 3842 varietati
826 3783 1021 3858 adnumerant,
1052 3787 1123 3848 Par·

96 3915 197 3954 casaur
218 3893 384 3974 argumentis
407 3892 509 3962 rictus,
536 3892 616 3972 hujus
636 3873 686 3966 viri
715 3893 784 3953 docti
806 3893 949 3954 sententiae
970 3895 1121 3977 adstipulor.
1200 3932 1203 3942 ·

96 4003 145 4080 op.
166 4001 237 4062 laud.
268 4003 345 4063 lom.
366 4002 404 4062 ll.
425 4023 483 4082 cap.
496 4001 545 4065 XI.
