2872 4870
494 351 802 444 c'noucer'.
1106 363 1163 444 ise

109 559 277 638 hebius.
303 581 432 642 rauco,
457 559 575 634 motus
595 560 738 632 tremuli
762 580 933 630 summam
953 539 1162 634 indicabant

131 687 263 758 virium
284 681 576 756 imbecillitatem.
625 685 711 756 Sitis
734 695 822 776 potu
844 707 916 754 non
934 685 1165 779 restinguens

131 809 200 887 da.
227 809 401 891 vomitus,
427 793 708 903 er‘dor,¹engor,
733 809 945 901 inquietudo
977 831 1020 878 eo
1046 830 1165 902 usqrse

132 957 278 1025 aegrum
298 933 511 1026 fatigabant,
536 933 667 1013 donec,
687 931 844 1000 extincto
859 931 955 1000 omni
976 931 1162 1003 calorem-

119 1057 217 1137 ·tali,
234 1059 424 1130 convulsus
447 1071 644 1129 moreretur
664 1056 773 1150 idque
795 1057 919 1150 paneis
939 1055 985 1126 ab
1001 1055 1162 1150 ingressu

117 1179 248 1251 -morbi
271 1180 379 1252 boris.

183 1305 229 1376 In
248 1306 456 1400 corporibus
473 1318 693 1378 mortuorum
709 1303 869 1398 inprimis
895 1307 1076 1400 congestio
1103 1329 1164 1378 vo·

119 1447 240 1508 mosa,
265 1427 304 1496 in
329 1401 516 1500 abdomine
538 1429 687 1498 maxime
714 1439 966 1523 portarumque
994 1453 1085 1500 rena
1109 1429 1164 1500 in·

114 1573 206 1644 «qne
226 1561 371 1645 pectore
382 1565 436 1624 ·ct
453 1551 790 1646 capitendparebet·
806 1563 914 1646 atque
937 1575 980 1622 ex
1004 1553 1163 1646 partibus

119 1673 284 1768 <singulis
298 1675 544 1748 'ventriculus
559 1687 596 1745 et
625 1673 794 1747 intestina
826 1675 1016 1768 plurimum
1040 1697 1163 1768 aegro-

135 1810 230 1870 tasse
254 1797 488 1888 ridebantur3
512 1799 601 1870 odeo
623 1809 665 1871 ut
686 1798 898 1868 subrenisu
912 1799 1075 1869 'maxime
1089 1833 1092 1840 ¹
1107 1822 1165 1869 ca·

135 1923 293 1994 rendum
314 1934 423 2004 esset,
447 1945 584 2017 neper
608 1933 873 2016 praeposterum
904 1922 1164 1994 stimulantium

132 2046 349 2118 usumbaec
373 2047 507 2119 viscera
530 2044 852 2123 inflammarentur..

136 2199 142 2212 ·
184 2171 343 2254 Exinde,
373 2171 418 2240 ab
436 2171 538 2242 annis
559 2172 766 2266 praesertim
787 2169 881 2244 1828
901 2183 939 2242 et
964 2170 1066 2244 1829.
1088 2166 1166 2244 om·

111 2273 114 2278 Ι
135 2283 436 2395 ncm¹pcregrarit
459 2294 644 2386 Europam.
694 2295 805 2366 Erunt
818 2295 919 2376 ¹illius
937 2296 1036 2390 signa
1053 2298 1165 2370 maxi-
1249 2339 1255 2354 ·

134 2439 193 2490 mc
210 2417 514 2489 characteristico
541 2420 650 2492 iacies
667 2419 928 2513 hippocratica,
953 2420 1075 2515 lingua
1101 2421 1167 2494 iri·

135 2541 218 2636 gida
237 2553 275 2614 et
295 2542 444 2634 frigidus
467 2544 599 2638 pariter
618 2567 660 2614 ex
679 2568 740 2614 ore
769 2544 926 2615 emissus·
938 2545 1085 2638 spiritus·
1100 2572 1165 2618 cn·

134 2667 255 2761 tisqnc
285 2665 436 2758 frigida,
470 2689 613 2760 rugosa,
635 2667 767 2760 'pulsus
789 2667 948 2751 deletus,
984 2669 1166 2742 corcho-

134 2791 267 2868 lerica,
300 2777 476 2870 isohuria,
496 2801 630 2860 aestus
660 2790 845 2871 internus,
864 2792 975 2873 sitis,
996 2793 1167 2882 'vomitus
1194 2856 1197 2861 .

120 2927 176 2986 ·et
194 2912 266 2986 alvi
283 2911 400 2984 fluxris
419 2935 575 2994 sercsus,
594 2913 911 3007 spasmiartuum·
925 2915 1061 2986 intecto
1085 2939 1167 2988 sen·
1231 2978 1235 2986 .

136 3040 242 3110 sorio.
299 3036 374 3110 Sub
401 3036 513 3106 altero
545 3048 664 3107 autem
684 3037 812 3108 stadio
847 3039 1008 3110 renisus:
1042 3051 1168 3136 soporss

136 3162 390 3258 typhomenia.
417 3159 518 3254 typhi
531 3185 533 3196 ¹
546 3163 705 3254 specics,
735 3185 840 3256 quem
871 3162 1020 3257 typhum
1047 3165 1168 3260 adpel-

134 3287 304 3358 lavcrunt
335 3285 577 3364 cholericum‚
609 3284 647 3352 in
668 3285 902 3378 quosoilicel
919 3289 1168 3364 'necde'sirent

133 3412 205 3482 alio
226 3411 389 3481 cholerae
408 3419 648 3504 symptomata.

185 3535 284 3626 Quas
305 3534 543 3605 distinxerunt
556 3530 670 3602 morbi
689 3533 1052 3618 varietates,·rectius
1071 3540 1168 3633 ejus·

135 3659 218 3731 ilem
235 3660 361 3730 ‘varios
391 3657 519 3750 gradus
549 3667 612 3726 out
642 3656 756 3726 stedia
784 3681 989 3755 nuncupare
1016 3675 1168 3757 oportet.

137 3783 172 3856 A
201 3782 388 3854 diarrhoea
421 3781 599 3850 cholerica
631 3781 676 3850 ad
695 3780 888 3852 choleram
926 3771 1168 3881 asphycticam

140 3931 212 3978 una
229 3917 283 3978 est
305 3905 420 3977 morbi
444 3905 622 3975 evolutio:
652 3927 759 3998 quam
784 3907 834 3974 ita
853 3905 1062 3980 discernunt
1079 3937 1170 3984 non·

123 4032 246 4112 mulli,
275 4042 316 4104 ut
341 4031 409 4103 tria
422 4027 546 4102 stadia
563 4040 714 4123 ponant:
741 4028 963 4114 ercthicnm,
993 4037 1168 4111 evolutio·

948 4151 984 4210 13
