2900 4874
249 365 289 430 ib
591 360 926 426 vralorsa.

247 559 328 620 tum
348 553 403 618 est
427 541 579 614 initium.
627 543 701 615 Neo
727 541 983 626 dubitandum,
1013 545 1101 640 quin
1133 571 1197 643 per
1223 549 1278 646 ip-

249 691 324 741 sam
347 667 629 739 observationem
652 663 809 736 sedulam
836 668 977 762 plenius
1006 673 1170 762 eognoooi
1195 697 1276 767 pos·

251 805 308 866 set
335 789 588 865 dermatosium
615 787 785 870 historia,
809 788 840 860 si
863 812 946 862 oum
964 791 1029 875 iis,
1053 815 1146 887 quae
1169 795 1279 870 bodie

148 961 150 971 ·
215 927 448 998 ..cernuntur
481 912 624 996 formis,
658 912 876 1008 antiquiores
908 912 1042 988 formas
1073 939 1280 1012 comparan-

252 1053 322 1116 tur.
369 1039 478 1120 Nam,
511 1038 807 1133 quemadmodum
828 1037 987 1110 inomni
1012 1049 1141 1112 natura
1176 1066 1280 1136 orga-

242 1165 334 1245 niaa
354 1162 513 1237 evolutio
528 1173 721 1256 perennat,
737 1173 982 1257 perpetuaque
1001 1175 1057 1234 est
1073 1161 1119 1234 ab
1147 1161 1220 1238 una
1233 1165 1281 1236 ad

240 1269 400 1360 alteiam
426 1284 728 1378 metamorphosin
749 1287 963 1381 progressio,
977 1285 1040 1362 ‚sie
1061 1307 1142 1362 suas
1173 1289 1284 1382 etim

243 1411 411 1482 shsbeant
430 1419 571 1504 oportet
593 1407 661 1480 baa
683 1409 777 1480 ontis
799 1407 1078 1482 effloresoentiae
1102 1411 1281 1484 evolutio·

251 1555 351 1606 num·
364 1531 596 1627 periodos,¹a
622 1531 770 1604 maculis
798 1531 846 1603 ad
873 1553 1053 1626 squamas,
1079 1543 1142 1604 ant
1168 1555 1282 1629 papu-

240 1660 365 1730 -1as.et
381 1657 559 1751 pustulas,
584 1653 630 1728 ab
652 1655 710 1728 his
737 1653 784 1726 ad
806 1654 1011 1740 tubercula,
1036 1657 1177 1752 qualem
1198 1679 1281 1752 pro-

240 1781 467 1876 ¹gressionenr'
492 1801 574 1852 oum
603 1779 673 1852 alia
699 1778 989 1854 exanthematum
1020 1803 1169 1873 genera,
1203 1793 1284 1854 tum

201 1986 205 1996 ¹
251 1904 499 1999 antiquissima
528 1902 612 1982 illa,
636 1902 786 1998 Loprom
813 1903 995 1989 volumus,
1018 1915 1217 1998 monstrare
1236 1929 1284 1978 so

253 2027 425 2126 denotare
448 2023 627 2100 ridentur.
715 2085 719 2094 ,

389 2311 392 2316 1
539 2290 999 2374 oosrsrroras.

310 2533 342 2605 1.
376 2531 448 2606 Cur
461 2529 632 2628 AEgyptus
649 2531 852 2608 morborum
869 2535 1113 2631 pestilentium
1133 2549 1171 2610 et
1195 2563 1285 2618 oon·

296 2705 299 2713 «
362 2655 590 2750 -tsgiosorum
607 2653 742 2728 dieitur
759 2659 894 2752 patria,
919 2682 1001 2733 oum
1020 2661 1201 2736 veteribus
1224 2691 1288 2738 oe-

371 2780 508 2851 lobrata
531 2779 579 2850 sit
598 2779 708 2875 hujus
729 2781 882 2876 regionis
901 2782 1115 2855 salubritas?

285 2903 339 2977 ΙΙ.
373 2904 552 2996 Quasnam
577 2883 692 2974 februs
713 2906 780 2977 sub
806 2907 986 2984 communi
1015 2910 1107 3001 torpet
1125 2909 1285 3007 adpella-

375 3029 474 3098 tione
497 3037 639 3098 veteres
661 3030 1036 3122 comprehenderunt?

270 3147 345 3224 111.
377 3151 436 3254 An
461 3150 577 3222 Pestis
597 3163 758 3224 ratarum
776 3155 874 3224 varia
897 3153 1010 3228 forma
1031 3156 1192 3252 prodiit?

270 3276 337 3351 IV.
371 3275 491 3368 Quare
513 3275 648 3370 Leproa
669 3275 991 3372 stalephsnriasis-
1004 3279 1282 3376 descriptiones,

241 3390 262 3462 .'
373 3421 395 3471 a
414 3397 564 3491 singulis
582 3399 788 3472 auotoribus
807 3402 926 3474 aditae
948 3411 1135 3497 tantopere
1152 3409 1286 3480 disere-

334 3547 338 3556 ·
371 3533 484 3618 pant,
516 3534 560 3593 ut
587 3546 674 3593 rrum
707 3507 753 3594 ad
782 3525 879 3596 idom
907 3527 1021 3601 morbi
1052 3553 1163 3622 genus
1192 3531 1285 3606 adti-

371 3655 504 3730 noant,
522 3645 736 3719 dubitetur?

296 3769 340 3845 V.
373 3769 435 3842 An
457 3769 679 3852 Variolarum
699 3795 788 3843 eum
810 3771 916 3844 Perta
944 3772 990 3843 ab
1012 3797 1085 3846 una
1111 3788 1214 3871 parte
1243 3789 1289 3852 at

373 3916 454 3964 oum
482 3893 597 3988 Lapra
620 3907 756 3989 aparte
781 3898 892 3968 altera
919 3900 1090 3992 quaedam
1109 3900 1179 3972 fuit
1204 3926 1286 3997 nog-

372 4016 495 4088 natio:
531 4019 830 4113 quemadmodum
858 4022 972 4094 morbi
1002 4025 1166 4105 outonei,
1206 4025 1284 4099 sire
