2872 4870
282 421 342 482 tao
415 415 419 427 ’
493 405 613 478 11011111
640 407 867 473 'GERMAMAE
896 411 1109 480 talamum.

282 597 449 673 mouialia
477 606 515 667 et
548 592 796 674 mercurialis,
829 615 1015 686 perperam
1042 593 1138 667 data.
1195 595 1302 676 Hasce

279 737 401 796 autem
421 722 541 792 denuo
564 715 706 810 excepit
724 715 857 811 pestis,
884 715 1097 790 Germaniae
1114 719 1247 814 pariter
1269 734 1304 795 et

160 911 164 920 Δ
280 843 470 922 Heir'etiae
489 829 616 914 incelis
636 840 799 912 funesta:
824 865 893 912 nec
912 865 1045 936 paucas
1061 845 1220 938 perdidit
1238 869 1305 916 me·

277 970 400 1044 dicina
422 965 704 1061 alexipharmaca
725 966 1029 1037 medicastrarum.

195 1165 199 1176 ,
325 1096 434 1167 Anno
457 1087 561 1164 1654.
591 1083 719 1161 saeviit
744 1092 854 1183 pestis
879 1088 1051 1174 Hainiae,
1075 1115 1183 1188 quam
1202 1097 1304 1165 cami.

276 1219 422 1291 tabatur
449 1214 581 1311 typhus
609 1213 779 1293 bellicus,
805 1214 1021 1308 sequebatur
1048 1218 1227 1310 epidemia
1249 1245 1311 1298 ra·⁴

275 1343 424 1423 riolosa,
448 1361 620 1436 perquam
638 1339 802 1431 maligna.
851 1338 898 1408 ln
914 1337 1083 1411 Helvetia
1102 1365 1184 1412 anm
1209 1343 1304 1417 1666.

272 1465 453 1562 epidemia
479 1464 588 1556 pestis
608 1473 834 1532 memoratur.
929 1431 940 1452 ⁰

326 1590 421 1661 Anu.
443 1587 533 1663 1671
557 1600 596 1659 et
613 1585 714 1662 1672
741 1586 779 1655 in
797 1583 989 1678 provinciis
1007 1584 1177 1661 rhenanis
1194 1589 1304 1662 febres

278 1713 497 1810 petecbiales
517 1722 662 1783 notatae
683 1721 776 1788 ,sunt
824 1707 885 1779 Ab
906 1731 999 1779 anno
1024 1709 1127 1787 1677.
1153 1736 1234 1786 orsa
1254 1725 1303 1785 est

278 1837 457 1933 epidemia
487 1821 614 1930 pestis,
639 1856 733 1930 quac
761 1831 907 1902 biennio
932 1845 1013 1926 post
1031 1833 1209 1906 Viennam
1235 1837 1307 1908 Au·

277 1962 384 2034 striae
413 1960 584 2054 populata
608 1971 673 2029 est
722 1955 816 2028 Anu.
841 1954 935 2030 1580
972 1957 1126 2052 Lipsianr
1147 1964 1306 2043 vexarit,

278 2081 512 2181 sequentihus
550 2083 652 2152 annis
691 2079 937 2154 1681-1664.
981 2055 1188 2177 complures·
1225 2088 1307 2158 alias

280 2207 493 2283 Germaniae
511 2206 718 2278 ·civitates.'
752 2206 838 2278 Post
866 2217 1003 2299 pestem
1036 2223 1232 2299 regnarunt
1256 2213 1308 2282 in·

221 2353 226 2368 ·
275 2332 517 2404 termittentes
549 2315 787 2422 epidemicac,
813 2329 943 2426 typhus
966 2328 1202 2424 petecbialis,
1230 2359 1305 2406 curn

176 2509 182 2524 ,
276 2439 526 2528 exanthemata
548 2452 678 2522 miliari
699 2464 737 2524 et
759 2451 962 2545 dysenteria
983 2453 1145 2548 maligna.

277 2659 280 2666 ,
315 2578 420 2652 'Ann
440 2575 544 2650 1691.
575 2597 803 2670 peromnem
833 2574 1060 2650 Germaniam
1086 2580 1304 2674 epidemicae

274 2703 507 2780 ,dominarunt
522 2700 819 2783 intermittentes,
844 2699 1014 2794 deinceps
1030 2702 1239 2780 charactere
1257 2720 1304 2803 ty·

276 2827 391 2921 phase
407 2822 595 2896 notabiles.
621 2823 923 2918 Symptamatibus
943 2825 1168 2920 stipabantur
1186 2831 1303 2904 cholc-

193 2999 197 3005 ·
250 2949 378 3031 riuis,
404 2947 660 3045 dysentericis,
693 2943 908 3040 pleuriticis,
934 2950 1116 3042 spasticis,
1142 2975 1225 3024 cum
1245 2955 1305 3028 de.

274 3075 358 3146 lirio
377 3074 487 3170 inque
511 3070 709 3142 senioribus
737 3069 987 3143 exanthemata
1010 3073 1210 3167 pustulosa.

316 3198 370 3268 ·In
386 3197 565 3291 epidemia
580 3194 743 3274 Jenensi,
760 3217 841 3265 ann.
854 3193 958 3270 1693.
978 3207 1016 3268 et
1032 3201 1214 3294 aequanti,
1235 3206 1302 3300 pri.

272 3345 371 3394 mum
402 3319 583 3402 morbidi,
616 3330 692 3389 tum
717 3318 1052 3412 peripneumoniae,
1084 3325 1230 3396 tandem
1254 3327 1304 3400 ie·

252 3397 355 3516 fores
372 3442 542 3537 typhosae
561 3443 770 3516 observatae
788 3452 881 3514 sunt.
915 3439 1010 3514 Anu.
1030 3443 1125 3518 1694
1140 3461 1178 3518 et
1200 3450 1299 3524 1695.
1354 3451 1355 3458 ’

271 3578 490 3641 memoratur
520 3566 652 3661 typhus
681 3565 856 3647 bellicus,
892 3587 974 3639 cum
1011 3580 1169 3653 comate,
1204 3586 1300 3666 pete.

259 3690 384 3784 chiis,
417 3687 662 3785 parotidibus,
685 3688 934 3761 bubonibus:
962 3692 1033 3764 ¹cui
1066 3693 1298 3774 medebantur

271 3815 429 3906 emetica¹
452 3826 490 3885 et
513 3813 641 3886 chinae
667 3825 875 3885 extractum.
930 3841 934 3861 ’
973 3851 980 3868 ·
1119 3797 1121 3802 ¹

319 3939 455 4032 Hyeme
484 3923 651 4031 denique*
665 3926 745 4008 ann.
767 3937 860 4012 1699
872 3938 1013 4016 -1709
1039 3940 1106 4014 sub
1132 3945 1299 4016 constitu-
1401 4011 1402 4030 ,

273 4061 374 4138 tione
398 4055 828 4150 autumali-rheumatica
847 4064 1083 4140 animadversi
1101 4079 1185 4142 sunt
1208 4068 1301 4140 inter
1358 4069 1361 4076 '
