2834 4874
455 617 739 664 mm
799 689 802 698 .

319 833 507 904 russis
546 835 855 900 flutosetcs.

543 1010 628 1072 rece.
652 1082 658 1093 ,

120 1278 161 1378 ¹A
189 1280 350 1354 febribus
375 1278 637 1374 pelechiolibus
667 1277 825 1373 proxime
855 1273 967 1353 distet
999 1277 1110 1364 febris

88 1397 285 1498 hungarica.
333 1407 470 1478 Nomen
494 1404 580 1480 inde
605 1401 765 1497 accepit,
796 1401 895 1496 quod
920 1403 999 1476 lues
1018 1405 1110 1478 baec

88 1550 173 1600 anno
193 1527 299 1602 1566.
322 1528 361 1600 iu
376 1527 558 1624 ilungaria
576 1526 726 1598 maxime
740 1526 937 1600 innotuisse
955 1527 1110 1602 videtur.
1132 1517 1136 1530 ’

87 1650 268 1723 Nemeum
300 1652 558 1724 maximilianus
576 1650 769 1744 imperator
790 1660 914 1720 contre
941 1652 1112 1726 Solimon-

89 1797 177 1868 num?
194 1774 460 1872 expeditionem
477 1773 691 1866 suscepisset
717 1772 763 1843 ad
790 1773 1008 1856 Camorrum,
1035 1787 1114 1848 tum

89 1897 196 1992 primo
214 1901 376 1971 innotuit
391 1897 454 1970 hic
480 1893 643 1984 morbus;
667 1907 791 1989 postea
813 1922 879 1992 per
897 1910 1009 1970 totam
1037 1897 1112 1972 iere

90 2021 273 2119 Europam·
286 2023 537 2095 disseminatus
556 2030 620 2092 est.
669 2021 819 2094 Maxime
837 2031 957 2094 tam‘en
977 2023 1116 2096 adflixit

91 2145 263 2220 Viennam
286 2145 472 2230 Austriee,
498 2168 578 2216 cnm
608 2144 787 2238 perillam
810 2145 885 2217 lere
905 2168 1026 2218 omnes
1049 2147 1119 2218 mi·

92 2269 168 2342 lites
184 2271 380 2342 transirent
399 2278 437 2340 et
454 2259 771 2362 recolligendarum
783 2269 914 2342 virium
931 2293 1054 2340 caussa
1064 2271 1118 2342 ibi

92 2391 288 2467 haererent.
335 2390 521 2471 Nonnulli,
546 2391 664 2486 inquit
683 2393 898 2475 sortituros,
923 2418 1029 2487 quem
1048 2394 1119 2468 boc

92 2516 167 2590 loco
190 2527 337 2590 secutus
365 2535 462 2594 sum,
487 2516 647 2586 morbum
676 2518 884 2608 ungaricum
918 2529 956 2588 et
982 2518 1119 2590 febrem

94 2631 327 2732 pelechialem
347 2637 453 2732 plene
474 2661 540 2732 pro
563 2639 689 2712 eodem
711 2639 835 2710 morbo
853 2640 998 2712 hebent.
1029 2641 1121 2727 Sed,

95 2773 135 2835 ut
159 2761 252 2834 mihi
278 2759 426 2856 quidem
455 2760 623 2844 videtur,
659 2785 732 2834 non
761 2765 848 2834 satis
877 2774 986 2834 recte.
1042 2766 1121 2838 Etsi

98 2887 187 2956 enim
208 2885 400 2982 peteehiue
420 2897 459 2957 et
482 2885 642 2956 maculae
670 2886 752 2981 illae
771 2887 987 2980 quandoque
1011 2889 1122 2960 etiem

96 3005 134 3078 in
151 3008 275 3081 morbo
296 3009 466 3104 ungarico
494 3008 777 3102 conspiciantur,
803 3023 923 3080 tamen
943 3035 1017 3082 non
1035 3035 1125 3087 sem·

98 3152 158 3226 per
176 3133 215 3204 id
232 3130 366 3204 accidit
383 3144 421 3204 et
444 3143 563 3227 potest
586 3131 647 3202 hio
672 3132 816 3203 morbus
844 3157 921 3204 esse
944 3135 1020 3205 sine
1049 3158 1123 3215 ma·

99 3255 195 3328 culis.
251 3255 383 3328 Contra
420 3278 505 3327 vero
535 3255 694 3325 maculae
729 3255 768 3329 in
798 3256 897 3327 febre
929 3257 1124 3350 pelechieli
1192 3332 1196 3339 ,

99 3381 192 3452 omni
213 3381 463 3452 inueniuntur:
488 3376 584 3449 unde
605 3387 644 3446 et
665 3399 796 3448 nomeu
816 3377 907 3449 haec
933 3377 1043 3451 febris
1059 3381 1123 3473 ha.-

97 3502 166 3577 bet.

143 3629 270 3702 Placet
287 3625 402 3698 morbi
421 3624 606 3699 historiam
625 3649 668 3696 er
686 3625 816 3698 Tuous
836 3625 857 3697 J
860 3647 1019 3708 oenum,
1044 3652 1125 3718 cum

99 3752 251 3844 primum
279 3750 457 3832 innotuit,
481 3747 695 3843 descriptam
716 3748 778 3818 hic
799 3749 941 3820 addere.
988 3775 1010 3820 s>
1026 3752 1129 3827 Circa

101 3877 242 3947 tertiam
268 3873 330 3945 vel
354 3883 518 3969 quartam
540 3897 560 3944 a
582 3871 731 3944 meridie
755 3871 889 3964 ¹horam
914 3874 1136 3962 invadebat,
1157 3899 1163 3910 ·’

105 4020 184 4070 eum
201 3999 274 4072 levi
296 3997 426 4091 frigore
447 4009 484 4070 et
502 3995 656 4088 horrore.
707 3997 793 4068 Post
821 3995 931 4066 horae
952 4001 1131 4095 quadran·

928 4116 947 4174 9
