2834 4874
324 421 501 486 rnsroarr
522 419 835 495 rauarrnnrrcss.
951 383 953 387 ’
1027 423 1098 506 scs

75 600 247 694 legitimus
265 623 350 672 usus
368 613 450 672 ante
470 602 628 671 seculum
642 599 820 673 decimum
843 612 1009 674 octavum
1022 625 1095 676 nou

79 726 161 793 bena
176 724 244 794 luit
255 727 436 816 cognitus.
465 725 553 796 Nam
565 723 610 794 de
627 723 694 796 hae
708 725 893 820 disciplina
904 725 1097 820 therapeu-

78 848 144 918 tica
152 847 246 918 idem
257 899 265 930 ‚
278 847 376 940 quod
385 847 430 917 de
442 847 593 918 caeteris
606 847 802 941 disciplinis
813 848 960 922 medicis
974 861 1098 947 tenen·

76 971 244 1042 domest:
270 991 334 1065 per
359 971 565 1044 continuam
583 972 726 1042 tandem
748 973 975 1044 traditionem
991 975 1099 1079 adcu-

76 1093 180 1164 ratius
203 1117 339 1188 semper
360 1091 468 1166 fuisse
489 1093 687 1168 elaboratas
707 1107 745 1170 et
768 1095 955 1180 definitas,
978 1119 1097 1193 neque
1233 1180 1236 1190 η

74 1220 138 1288 nisi
157 1241 221 1314 per
242 1216 494 1310 experientiam
517 1219 673 1313 plurium
704 1217 903 1290 seculorum
933 1231 970 1290 et
989 1233 1097 1316 gene*

75 1343 156 1412 ralcs
187 1337 354 1413 medendi
384 1338 571 1412 methodos
600 1353 638 1414 et
668 1342 865 1437 peculiares
894 1344 1097 1420 medicami-

73 1489 153 1540 num
171 1465 275 1565 dotes
291 1462 455 1559 uiresque
475 1463 568 1536 bene
588 1464 906 1558 fuisseindagatas.

356 1653 816 1733 orrsusrrorrss.

102 1835 130 1903 1.
162 1834 302 1928 Quibus
324 1833 534 1908 nominibus
558 1832 682 1903 differt
713 1845 874 1906 veterum
905 1833 1094 1928 therapeu-

159 1962 230 2029 tice
254 1957 407 2030 febrium
433 1957 740 2028 areceutioruml
1079 2039 1082 2047 Ι

79 2079 121 2151 Il.
158 2081 344 2174 Quomodo
362 2079 608 2156 chronicorum
633 2079 823 2151 medicatio
837 2105 902 2176 per
919 2105 1092 2158 novorum

137 2205 358 2307 *morborum
377 2215 588 2298 proventum
608 2215 744 2280 mutata
768 2205 850 2277 est?

448 2449 731 2484 m

335 2636 521 2700 FEBRIS
561 2636 816 2700 MIleRlS.

401 2791 403 2798 ’
474 2775 681 2840 ttoo-ttts.

109 2989 184 3060 Sub
210 2985 466 3074 constitutione
489 2983 758 3080 erysipelatosa‚
784 2988 1013 3078 regnantibus
1035 2994 1090 3064 iu.

71 3109 341 3184 terrnitteutibus
358 3133 401 3182 ac
418 3108 636 3206 dysenteria,
654 3111 764 3202 magis
781 3109 963 3206 magisque
984 3137 1088 3186 exan-

73 3231 180 3306 tbema
209 3233 348 3304 miliare
378 3234 517 3329 erupit,
552 3219 706 3326 primum
731 3233 777 3304 ad
809 3235 1021 3326 erysipelate
1048 3249 1088 3310 et

74 3359 261 3438 catarrhos,
284 3357 417 3429 deiude
446 3359 492 3431 ad
515 3358 701 3429 rheumata
726 3355 871 3451 propius
894 3357 1087 3442 accedens.

73 3475 174 3550 donec
198 3479 369 3560 tandem,
393 3479 471 3574 ipsa
495 3480 751 3552 constitutione
780 3481 1030 3576 erysipelatosa
1049 3484 1089 3558 in

72 3596 316 3675 rbeurnaticam
349 3615 579 3689 transeunte,
604 3606 643 3678 in
672 3605 854 3702 peculiare
877 3609 1088 3682 exanthemat
1124 3585 1126 3590 Ι

74 3721 322 3801 rheumaticum
344 3725 511 3797 adolevit.

115 3849 269 3934 Morbus,
288 3851 365 3946 jam
390 3849 607 3923 amorosa
631 3849 849 3944 descriptus,
873 3851 978 3923 initio
998 3853 1089 3927 haec

74 3965 246 4046 obiciebat
277 3975 527 4071 symptomata:
562 3975 673 4046 cutim
697 3974 755 4046 vel
781 3975 1008 4058 universum,
1027 3981 1085 4066 rel

76 4085 234 4190 insignem
252 4100 331 4194 ejus
352 4111 490 4194 partem
514 4097 712 4190 occupabat
733 4099 829 4170 color
849 4100 1008 4195 impense
1026 4125 1086 4173 ru-
