2872 4870
302 387 366 456 sto
527 383 706 454 srcomn
736 391 916 454 nrcmurr
949 391 1133 487 ocrsmn
1212 453 1217 463 .

212 585 216 594 ’
302 605 309 614 ·
353 555 730 644 Ann.1744.'vernstt
749 583 907 666 tempore
925 573 1038 644 morbi
1062 575 1268 666 pulmonum
1285 577 1328 645 in·

302 691 550 778 dammetorii,
575 717 698 764 versus
723 696 916 766 solstitium
944 698 1120 767 aestivum
1141 711 1267 769 contra
1283 717 1329 770 re‘·

302 820 491 921 mittentes
510 817 648 899 febres,
672 840 794 890 mense
816 821 981 912 Augusto
1000 821 1225 914 dysenteriae
1245 836 1330 894 nota

302 942 458 1022 buntur:
483 943 708 1014 remittentes
736 945 869 1014 iterum
897 967 1019 1015 mense
1046 945 1252 1040 Septembri
1280 947 1331 1016 ob

302 1066 531 1141 veniebant*

352 1191 448 1262 Ann.
472 1186 575 1266 1745.
600 1192 716 1262 morbi
742 1193 903 1265 vernales
925 1204 964 1263 et
985 1194 1267 1266 intermittentes
1287 1196 1330 1264 in·

303 1303 577 1397 flammstoriee,
601 1339 722 1385 mense
741 1315 907 1406 Angusto
924 1316 963 1384 in
980 1315 1067 1386 locis
1084 1317 1262 1409 depressis
1277 1319 1329 1410 dy·

303 1441 481 1512 senterius
507 1439 731 1511 remittentes
755 1451 793 1510 et
812 1439 1092 1525 intermittentes
1111 1439 1233 1514 febres
1257 1464 1327 1510 con-

303 1564 501 1658 tingebant.
547 1555 550 1562 ’
787 1539 792 1550 ’
941 1549 944 1558 ’
1323 1579 1325 1586 ·

351 1689 447 1762 Anu.
469 1685 571 1763 1746.
594 1688 635 1757 in
651 1686 782 1780 Anglia
793 1687 913 1758 morbi
931 1685 1199 1757 inflammatorii
1216 1699 1329 1782 pecto·

303 1814 373 1894 111,
398 1825 559 1904 tempore
580 1835 707 1893 verno,
734 1801 906 1883 autumno
923 1813 1148 1905 dysenteriae
1168 1827 1210 1884 et
1230 1816 1328 1884 inter·

303 1939 488 2008 mittentes
509 1936 718 2006 observatae
745 1950 838 2006 sunt.
956 1927 959 1932 ¹
1320 1948 1323 1956 '

303 2077 308 2094 '
353 2059 448 2132 Anu.
469 2057 571 2134 1747.
595 2059 711 2130 morbi
738 2060 900 2130 vernales
922 2059 960 2129 in
987 2061 1112 2155 Belgio
1140 2061 1328 2131 inflamma·

302 2183 412 2265 terii,
438 2205 482 2252 m.
509 2179 674 2276 Augusto
692 2182 897 2278 dysenteria
918 2197 1007 2254 nata
1023 2197 1097 2255 est:
1123 2209 1168 2254 111.
1189 2181 1327 2258 Octobri

303 2305 554 2379 increscebant
585 2305 705 2378 febres
742 2306 989 2388 remittentes,
1024 2329 1117 2403 quae
1158 2317 1328 2405 ocyuset

276 2484 280 2494 .
303 2421 465 2504 atrocius?
480 2429 519 2498 in
543 2429 712 2500 zelandia
743 2432 840 2500 visae
868 2449 1101 2526 quarumque
1116 2457 1210 2505 anno
1233 2428 1325 2507 174&

303 2554 450 2630 crebrae
481 2551 684 2635 recidivae,
711 2577 821 2623 verno
848 2565 1032 2647 tempore:
1059 2559 1200 2626 aestate
1216 2569 1331 2628 etum

304 2685 430 2752 tumno
455 2697 579 2748 rursus
609 2676 727 2750 febres
756 2674 980 2751 remittentes
1013 2685 1191 2776 tuncque·
1212 2680 1326 2752 arden·

302 2802 396 2876 tium
421 2800 542 2896 speeie
565 2793 891 2897 prodibant3'quse
920 2813 1131 2896 tempestate
1159 2797 1333 2902 frigidiori·

303 2924 467 3000 emedio
495 2947 540 2996 m.
569 2926 772 3020 Septembri
800 2927 838 2998 in
869 2927 1148 2998 intermittentes
1179 2923 1325 2998 comme

301 3063 400 3128 totos
423 3061 517 3124 sunt.
576 3047 579 3056 ’

197 3243 203 3260 ,
303 3217 309 3230 ·
349 3177 505 3274 Itaque,
539 3173 750 3248 observante
784 3177 978 3258 1111111110,Ι
1010 3176 1248 3272 principatum
1280 3184 1324 3242 te·

220 3291 224 3302 ⁸
299 3325 412 3378 nuere
444 3300 744 3382 intermittentes,
780 3303 996 3396 quandoque
1022 3305 1061 3370 in
1089 3301 1320 3375 remittentes,

301 3427 576 3506 subcontinuas,
610 3427 776 3495 ardentes
803 3417 997 3505 abeuntes,
1038 3437 1100 3498 aut
1125 3420 1324 3521 dysenteriis

300 3545 476 3646 stipatae,
510 3539 830 3630 intercurrentibus
861 3541 1200 3621 inflammationibus
1229 3551 1322 3619 rheu-

300 3667 461 3756 maticis,
487 3673 562 3744 sire
582 3672 649 3744 sub
676 3669 933 3745 constitutione
963 3671 1186 3746 rheumatica
1205 3674 1321 3744 milita-

300 3779 384 3870 rent
409 3779 709 3886 intermittentes,
734 3799 810 3868 sire
845 3798 910 3869 sub
941 3795 1196 3868 constitutione
1215 3801 1320 3898 'inter-

191 3953 199 3960 ·
300 3921 524 4027 mittentium
538 3923 817 4016 epidemicarnm
833 3925 1111 4010 intercurrerent
1128 3915 1319 3994 rheumata.

300 4048 378 4122 sive
408 4048 563 4120 militum
590 4047 860 4159 ⁴brittannorum
886 4072 1030 4146 corpora
1056 4051 1095 4122 in
1122 4042 1320 4120 rheumatis·
