2900 4874
421 349 953 414 cltoltta'trlunsltct
1162 357 1198 420 bl

161 553 192 603 ὀ
211 529 264 602 tm
293 541 450 624 tempore
473 530 563 600 mira
590 541 686 601 saeta
712 540 795 598 tam·
811 531 968 616 virorum
992 541 1099 624 quam
1125 561 1203 614 mn·

164 655 302 725 lierum
327 655 426 726 venit
452 655 666 749 Aquisgrani
693 653 739 725 de
774 653 935 746 partibus
969 654 1202 732 Alamanniae

167 792 214 850 et
232 778 420 849 adscendit
434 801 547 873 usque
562 777 758 848 Hauoniam
778 777 853 848 sire
871 778 1052 850 Franciam
1062 831 1073 864 ,
1097 784 1201 878 eujus

166 902 255 973 talis
283 901 353 974 luit
380 901 550 979 conditio.
594 901 681 973 Nam
703 898 863 970 homines
891 903 1078 997 utriusque
1098 927 1203 980 sexus

164 1010 454 1112 illudebantura
477 1024 665 1098 daemonio
696 1021 834 1104 taliter,
859 1023 956 1116 quod
983 1034 1055 1096 tam
1078 1024 1117 1099 in
1130 1029 1201 1102 do·

162 1148 309 1228 nibus,
332 1171 440 1244 qnam
471 1149 510 1220 in
531 1147 659 1244 plateis
681 1157 719 1218 et
742 1147 782 1216 in
804 1147 963 1218 ecelesiis
985 1151 1200 1226 seinvicem

164 1271 333 1342 manibus
361 1280 524 1344 tenentes
557 1269 784 1344 chorizabant
819 1281 857 1341 et
886 1269 924 1341 in
954 1269 1067 1342 altum
1094 1276 1199 1368 salta·

166 1393 258 1464 bant
290 1417 333 1464 ae
361 1393 537 1488 quaedam
568 1395 711 1467 nomina
742 1393 1023 1467 daemoniorum
1039 1398 1198 1477 nomina·

163 1517 273 1600 baut,
300 1516 478 1589 uidelicet
511 1518 651 1590 Frislaes
679 1527 716 1588 et
746 1518 894 1600 similia3
918 1520 1051 1592 nullam
1081 1525 1199 1618 cogni.

167 1642 303 1716 tionem
330 1641 368 1712 in
397 1639 602 1734 hujusmodi
635 1639 896 1728 obstinatione,
927 1665 996 1714 neo
1027 1667 1197 1718 versenn-

163 1765 264 1836 diam
293 1764 348 1848 sui
366 1776 510 1858 propter
537 1763 717 1836 adstantes
733 1764 884 1858 populos
916 1763 1099 1838 habentes.
1149 1769 1197 1844 Et

158 1887 204 1958 in
228 1887 300 1958 fine
330 1887 437 1980 hujus
458 1885 710 1976 chorizationis
731 1885 771 1958 in
798 1895 936 1958 tantum
959 1888 1052 1960 eirca
1068 1904 1195 1986 poeto-

157 2012 251 2083 ralia
279 2009 560 2106 torquebantur,
595 2008 693 2103 quod
723 2006 794 2079 nisi
831 2010 1013 2106 mappulis·
1038 2014 1142 2090 lineis
1169 2045 1191 2094 a

159 2139 239 2212 suis
258 2135 380 2208 amieis
397 2157 461 2228 per
486 2131 643 2203 medium
662 2131 795 2222 renuis
815 2131 955 2206 lortiter
974 2136 1189 2234 stringeren.

159 2272 242 2342 tur,
270 2259 371 2354 qnasi
407 2255 531 2328 furiosi
562 2254 782 2337 clamabant,
815 2258 977 2330 se-mori.
1027 2261 1074 2332 lli
1102 2231 1187 2342 vero

158 2384 203 2454 in
219 2381 354 2454 leodio
370 2403 434 2474 per
460 2363 723 2473 conjurationes
742 2390 898 2474 sumptas
916 2380 961 2454 de
979 2383 1068 2468 illis,
1091 2368 1185 2482 uuae
1203 2455 1207 2462 .

157 2507 200 2578 in
227 2503 441 2576 oateehismo
470 2514 554 2576 ante
581 2501 794 2595 baptismum
817 2499 927 2585 fiunt,
954 2527 974 2574 a
998 2505 1185 2585 daemonio
1308 2523 1313 2536 ‘

155 2627 418 2709 liberabantur,
453 2639 492 2699 et
518 2624 632 2698 sanati
657 2622 844 2705 dicebant,
869 2626 967 2719 quod
995 2628 1183 2708 videbatur

154 2754 229 2835 eis,
253 2750 351 2846 quod
369 2750 408 2820 in
426 2749 514 2822 hora
532 2747 642 2842 bujus
670 2747 917 2820 ohorisationis
933 2765 1034 2824 erant
1055 2753 1093 2827 in
1112 2757 1181 2832 flu·

152 2876 216 2949 vio
243 2872 422 2968 sanguinis
447 2883 485 2944 et
503 2883 689 2968 propterea
716 2869 768 2940 sio
793 2871 831 2940 in
856 2872 968 2943 altum
990 2877 1177 2967 saltabant.

151 3000 291 3090 Vulgus
310 3006 430 3066 autem
444 2994 540 3089 apud
555 2994 728 3067 leodium
747 2993 910 3077 dicebat,
934 2999 1032 3091 quod
1051 3000 1179 3096 hujus-

151 3122 251 3198 modi
275 3105 375 3214 plag'a
407 3119 537 3212 populo
568 3119 774 3211 contigisset
802 3141 865 3197 eo,
900 3119 996 3212 qnod
1024 3126 1177 3218 populus

149 3246 244 3330 mele
269 3243 468 3336 baptizatus
487 3251 581 3323 erat,
607 3245 755 3312 maxime
775 3263 796 3310 a
813 3239 1078 3335 presbyteribus
1097 3271 1178 3322 suas

149 3365 358 3448 tenentibus
380 3364 604 3436 concubinas.
654 3364 701 3434 Et
722 3373 867 3458 propter
890 3360 959 3432 hoo
981 3389 1177 3462 proposue-

148 3503 209 3562 rat
231 3490 376 3582 rulgus‚
399 3487 580 3584 insurgere
605 3488 812 3566 inderem,
838 3509 899 3556 eos
917 3489 1114 3566 occidendo
1136 3510 1175 3584 et

147 3615 244 3688 bona
262 3632 385 3682 eornm
402 3608 626 3704 diripiendo,
652 3597 721 3682 nisi
743 3609 839 3680 Deus
855 3608 901 3680 de
919 3613 1077 3686 remedio
1093 3640 1175 3712 pro·

146 3737 299 3810 vidisset
328 3756 401 3827 perr
423 3735 687 3829 conjurationes
720 3732 929 3827 praedictas.
985 3735 1065 3828 Quo
1097 3743 1172 3817 viso

143 3859 301 3934 cessavit
325 3868 514 3952 tempestas
533 3855 630 3949 vulgi
650 3857 784 3936 taliter,
807 3856 905 3950 quod
925 3856 1038 3928 clerus
1059 3867 1171 3940 multo

141 3987 222 4079 plus
239 4007 261 4054 a
276 3982 409 4078 populo
434 3982 503 4054 luit
525 3981 730 4052 honoratus.
779 3979 832 4050 De
853 3977 921 4052 ista
946 3993 1065 4056 autem
1086 3989 1171 4080 eho2
