2900 4874
294 377 314 440 s
499 345 699 444 {rrsrrs
735 374 1092 440 nerrrronun.

349 560 469 654 ,vulgo
496 557 536 629 in
566 557 680 630 morbi
707 555 883 651 principio
914 554 1043 639 lebria,
1075 555 1319 651 horripilatio,

297 686 449 764 horror,
462 653 605 777 ,mgna
637 681 794 774 vertigo,
829 682 988 754 incessus
1024 682 1213 761 vacillans,
1248 693 1320 752 stu·

296 831 379 903 por,
411 805 507 878 oculi
532 804 652 876 rubri.
683 804 934 898 lacrymantes,
956 807 1079 898 lingua
1107 805 1190 878 albo
1214 827 1319 879 muco

295 942 416 1013 tecta,
438 931 535 1011 sitis,
554 927 708 1000 vomitus
724 926 825 1010 bilis,
849 931 989 1002 dolores
1003 931 1216 1011 lumborum,
1240 931 1321 1002 dor·

296 1057 347 1137 si,
378 1055 546 1148 frequens
574 1053 700 1126 urinae
721 1050 889 1146 limpidae
918 1054 1098 1135 excretio,
1123 1055 1224 1144 alvus
1243 1055 1320 1146 jam
1426 1145 1427 1170 Χ

294 1176 438 1260 stricta,
465 1178 541 1272 jam
561 1165 694 1258 soluta,
712 1175 959 1270 pervigilium,
985 1187 1048 1250 aut
1066 1200 1189 1270 sopor,
1204 1199 1319 1270 ,saepe

230 1363 235 1376 .
294 1300 487 1383 delirium„
504 1298 635 1372 deinde
656 1299 890 1393 cephalalgia3
915 1302 1037 1393 pulsus
1050 1299 1319 1395 primm-friges

292 1425 342 1498 ris
366 1435 539 1516 tempore,
563 1433 951 1518 parvus,'contractus.
976 1424 1106 1498 deinde
1135 1423 1317 1516 surgebat,

291 1558 486 1643 apparente
499 1546 661 1627 bubone,
683 1546 849 1639 cutisque
869 1545 1031 1626 ardebat,
1044 1545 1318 1622 suceedentibus

291 1668 585 1767 symptomatibus
597 1667 884 1742 inflammationis
898 1670 1052 1748 ventris,
1076 1668 1222 1760 capitis,
1237 1667 1317 1740 tho·

290 1793 402 1875 racis,
431 1815 499 1864 nec
525 1793 675 1864 deerant
693 1803 925 1887 symptomata
951 1791 1073 1886 typhi:
1105 1793 1226 1886 lingua
1254 1815 1317 1864 aa„

289 1916 359 1999 ria,
384 1939 488 2008 saepe
510 1916 637 1998 rubra,
662 1918 774 1998 sicca,
799 1914 918 2012 nigra,
942 1916 1041 1998 fissa,
1065 1939 1229 1988 neccaro
1250 1917 1318 1988 hu·
1425 1968 1426 1972 η

290 2037 407 2124 mida3
431 2038 470 2107 in
487 2037 565 2108 aliis
581 2038 817 2110 cernebantur
834 2039 1036 2121 anthraces,
1062 2022 1226 2134 pustulae
1245 2063 1319 2110 ma·
1425 2025 1427 2096 Ϊ

287 2159 427 2254 lignee,
451 2159 881 2255 quandoquepetechiae.
918 2166 1238 2238 Prosternebantur
1254 2165 1317 2237 alii
1425 2261 1426 2268 ἵ

288 2285 392 2378 quasi
422 2283 595 2377 syderati,
628 2284 706 2354 aliis
731 2285 969 2380 erumpebant
991 2288 1154 2360 bubones
1180 2289 1224 2358 ad
1251 2290 1316 2360 in·

288 2407 417 2501 guina,
442 2407 561 2477 axillas
589 2408 799 2503 praecipue,
826 2411 902 2481 sine
922 2411 995 2482 ullo
1019 2412 1170 2507 graviori
1198 2436 1316 2508 symp·

146 2513 148 2520 ’
287 2539 421 2599 tomate
444 2551 486 2598 ac
510 2529 752 2624 suppurabamt
770 2543 834 2604 aut
861 2537 1225 2627 gangraeuescebant,
1250 2547 1317 2610 aut

286 2652 565 2734 resolvebantur.

288 2841 291 2846 .
333 2777 404 2847 Pro
424 2776 563 2848 ratione
582 2776 698 2862 morbi
726 2783 896 2856 saevitiae
923 2795 993 2854 tres
1019 2782 1313 2860 discernebantur
1426 2763 1427 2848 l

286 2898 427 2992 gradus.
475 2898 635 2970 Primus:
650 2903 899 2999 cephalalgia,
924 2906 1023 2979 lebre
1054 2906 1209 2991 mitiori,
1244 2911 1313 2986 cub

284 3020 484 3108 irritatione
505 3022 676 3117 gastrica,
700 3027 759 3098 vir
784 3029 857 3098 ulla
883 3017 1124 3114 vomituritio,
1149 3033 1312 3110 bubones

249 3197 254 3218 ,
285 3144 493 3238 suppurati,
518 3159 581 3218 aut
597 3150 755 3220 resoluti.
787 3151 971 3224 Secundus
986 3155 1132 3247 gradosa
1156 3158 1311 3234 buboni·

284 3266 354 3338 bus
385 3269 597 3342 accedentes
625 3273 835 3357 anthraces,
868 3276 1127 3375 petechiaeque
1157 3284 1309 3358 subinde

284 3400 377 3480 caet.
402 3390 543 3464 Tertius
556 3395 702 3488 gradus:
720 3402 1310 3501 symptomatatypboideagravia3

282 3523 398 3584 status
422 3538 592 3590 nervosus
614 3520 721 3614 vulgo
746 3545 828 3592 cum
854 3521 1075 3608 bubonibus,
1110 3530 1311 3605 carbuncu-

281 3638 345 3722 lis,
370 3639 556 3734 petechiis.
603 3642 705 3736 Quae
724 3645 755 3716 si
779 3645 926 3718 adtenta
953 3661 1073 3721 mente
1100 3653 1310 3739 lustremus,

203 3819 207 3823 .
283 3763 355 3866 duo
382 3766 495 3836 stadia
521 3766 720 3859 significare
749 3769 937 3842 videntur:
973 3774 1125 3846 alterum
1155 3778 1308 3852 invasio·

200 3873 206 3884 ’
282 3887 365 3956 nis:
391 3891 546 3982 vertigo,
580 3901 721 3986 stupor,
756 3893 887 3966 virium
913 3882 1122 3990 prostratim
1155 3902 1307 3974 alterum

283 4011 436 4085 renisus:
459 4013 620 4097 ardores,
640 4027 775 4102 aestus,
795 4003 1133 4122 viscerum'c'apitis,
1153 4025 1305 4110 renuis,
