2834 4874
307 403 350 470 er
502 359 628 475 noem
648 410 759 476 oeus
778 411 877 475 uorr.
897 443 938 460 -
958 413 1141 480 srruurr.

308 610 391 662 cere
414 589 623 683 genitalium
642 592 719 666 rire
749 591 961 683 cumbuece3
985 595 1099 688 primo
1124 596 1223 668 ocuti
1248 617 1335 668 mor·

305 710 346 784 hi
367 710 559 786 decursum
588 714 781 798 habuisse,
812 716 886 788 cito
913 725 1034 788 temen
1059 719 1098 790 in
1129 719 1334 790 chronicum

306 835 508 920 transiisse,
530 838 630 934 prius
652 840 861 937 thymiosis,
878 841 956 938 jem
980 842 1102 938 leprso
1132 843 1334 914 similiorem

306 970 345 1031 et
362 960 477 1032 ulceri
501 965 720 1056 genitalium.

311 1125 315 1134 .
354 1085 411 1158 lle
436 1088 622 1160 curatione
648 1113 804 1161 seorsum
829 1111 1016 1186 exponere·
1032 1111 1102 1162 nec
1128 1090 1240 1183 hujus
1267 1089 1334 1160 loci

307 1221 364 1286 etl
375 1261 385 1293 ‚
397 1235 527 1307 neque
546 1213 659 1284 nostri
677 1213 848 1287 instituti.
882 1210 980 1284 Illud
997 1215 1163 1284 universe
1180 1215 1334 1283 monuis-

306 1357 350 1408 se
363 1333 540 1406 'sufficietr
565 1335 612 1406 eb
640 1347 786 1408 externo
815 1338 1000 1409 curatione
1028 1359 1094 1432 per
1109 1337 1334 1408 inunctiones

304 1458 444 1534 fuctum
470 1457 580 1530 luisse
596 1456 764 1543 initium,
790 1460 995 1556 etquidem
1023 1483 1087 1556 per
1108 1459 1334 1530 inunctiones

306 1571 555 1665 mercuriales,
577 1605 765 1680 quaecum
780 1585 903 1656 noxios
923 1561 1169 1682 experirentur
1186 1583 1332 1664 medici,

306 1707 356 1780 ud
383 1709 480 1804 ligne
506 1708 696 1779 transitum
720 1697 873 1782 ie'ctum:
899 1712 1088 1806 goejecum
1112 1707 1275 1802 inprimis
1299 1716 1333 1778 et

307 1831 452 1906 olriuum
474 1843 513 1908 et
534 1830 809 1928 somperillem3
833 1853 939 1903 usum
970 1830 1138 1904 mercurii
1155 1832 1332 1904 internum

304 1954 458 2028 maxime
477 1951 579 2050 proxi
600 1975 665 2028 sue
680 1953 944 2028 commendasse
964 1955 1210 2028 eminuere
1246 1955 1333 2047 Qui·

305 2078 376 2154 tes
400 2076 547 2176 quidem
576 2077 744 2152 remediis
761 2077 862 2152 vario
885 2087 1019 2152 eventu
1040 2077 1174 2152 molum
1196 2101 1333 2176 oppug-

303 2212 430 2278 mtum
458 2214 531 2287 ert,
563 2201 734 2300 quodque
761 2224 836 2274 uno
852 2201 1046 2296 expugnari
1072 2223 1147 2274 non
1171 2209 1331 2298 poteret,
1408 2231 1409 2250 ¹

304 2326 419 2400 altero
436 2325 547 2400 fuisse
567 2327 726 2424 pulsum:
750 2305 820 2396 nec
848 2345 930 2396 roro
955 2335 1037 2420 post
1064 2323 1332 2422 hydrargyrosio

303 2449 475 2524 rebellem
514 2450 613 2522 luem
655 2450 837 2523 fortunate
874 2471 939 2544 per
971 2448 1148 2542 lignorum
1184 2450 1331 2522 deooetu

304 2571 417 2646 luisse
436 2584 604 2646 unctum.
644 2573 690 2644 In
707 2572 841 2669 quibus
860 2573 1051 2668 seligendis
1073 2595 1199 2668 mogus
1216 2572 1330 2668 requi-

303 2694 397 2769 ritur
415 2696 456 2768 in
484 2696 624 2770 medico
652 2695 845 2791 prudentie
865 2696 1116 2793 variorumque
1142 2697 1330 2792 complice·

305 2819 447 2896 tionum
464 2818 635 2896 adcurate
653 2819 829 2915 dignotio.

664 3093 966 3127 -wU-t-

620 3307 1005 3374 SGORBUTUS.
1145 3309 1149 3314 ’

351 3569 391 3644 si
420 3533 605 3666 syphilidis
634 3567 733 3662 origo
754 3591 798 3638 ex
819 3565 897 3660 ipsa
917 3565 1014 3662 vitoe
1045 3564 1221 3636 humanae
1245 3587 1325 3634 con·

300 3673 439 3767 ditione
473 3691 670 3788 repetendo
697 3701 773 3773 est,
805 3689 874 3761 elis
902 3689 972 3760 hoc
1006 3701 1165 3783 tempore
1194 3686 1325 3760 exstitit

300 3815 496 3916 dysoresis,
522 3841 543 3888 e
568 3839 687 3887 rerum
709 3825 954 3897 externorum,
979 3811 1243 3906 stmosplrueroe
1267 3835 1325 3904 po·

297 3938 480 4012 'tissimum
515 3939 724 4013 conditione
754 3935 930 4036 'originem
967 3936 1125 4016 ducens,
1160 3943 1324 4028 regnante

304 4055 473 4138 nimuuru
491 4063 640 4140 humido
659 4062 789 4159 [rigido
809 4087 873 4160 per
891 4017 1178 4158 iluinqueunium
1205 4061 1243 4132 in
1260 4058 1325 4132 Eu-
