<?xml version="1.0" encoding="UTF-8"?>
<!DOCTYPE html PUBLIC "-//W3C//DTD XHTML 1.0 Transitional//EN"
    "http://www.w3.org/TR/xhtml1/DTD/xhtml1-transitional.dtd">
<html xmlns="http://www.w3.org/1999/xhtml" xml:lang="en" lang="en">
 <head>
  <title>
</title>
<meta http-equiv="Content-Type" content="text/html;charset=utf-8" />
  <meta name='ocr-system' content='tesseract 3.04.00' />
  <meta name='ocr-capabilities' content='ocr_page ocr_carea ocr_par ocr_line ocrx_word'/>
</head>
<body>
  <div class='ocr_page' id='page_1' title='image "./dehistoriamorbo00hoevgoog_0093.png"; bbox 0 0 2834 4874; ppageno 0'>
   <div class='ocr_carea' id='block_1_1' title="bbox 654 621 902 656">
    <p class='ocr_par' dir='ltr' id='par_1_1' title="bbox 654 621 902 656">
     <span class='ocr_line' id='line_1_1' title="bbox 654 621 902 656; baseline 0.004 -10"><span class='ocrx_word' id='word_1_1' title='bbox 654 621 902 656; x_wconf 49' lang='lat' dir='ltr'><strong>uun-0...-</strong></span> 
     </span>
    </p>
   </div>
   <div class='ocr_carea' id='block_1_2' title="bbox 393 835 1185 1084">
    <p class='ocr_par' dir='ltr' id='par_1_2' title="bbox 393 835 1185 1084">
     <span class='ocr_line' id='line_1_2' title="bbox 393 835 1185 905; baseline 0.006 -6"><span class='ocrx_word' id='word_1_2' title='bbox 393 835 545 901; x_wconf 77' lang='lat' dir='ltr'><strong>uolam</strong></span> <span class='ocrx_word' id='word_1_3' title='bbox 576 839 718 904; x_wconf 86' lang='lat' dir='ltr'><strong>ORBlS</strong></span> <span class='ocrx_word' id='word_1_4' title='bbox 747 841 867 905; x_wconf 80' lang='lat' dir='ltr'>N0v1.</span> <span class='ocrx_word' id='word_1_5' title='bbox 889 877 930 892; x_wconf 89' lang='lat'><em>-</em></span> <span class='ocrx_word' id='word_1_6' title='bbox 956 840 1185 904; x_wconf 81' lang='lat' dir='ltr'><strong>SYl’lllLIS.</strong></span> 
     </span>
     <span class='ocr_line' id='line_1_3' title="bbox 686 1021 894 1084; baseline 0 -2"><span class='ocrx_word' id='word_1_7' title='bbox 686 1021 894 1084; x_wconf 65' lang='lat' dir='ltr'><strong>llas-llas</strong></span> 
     </span>
    </p>
   </div>
   <div class='ocr_carea' id='block_1_3' title="bbox 322 1291 1301 1388">
    <p class='ocr_par' dir='ltr' id='par_1_3' title="bbox 322 1291 1301 1388">
     <span class='ocr_line' id='line_1_4' title="bbox 322 1291 1301 1388; baseline -0.002 -22"><span class='ocrx_word' id='word_1_8' title='bbox 322 1293 422 1366; x_wconf 80' lang='lat' dir='ltr'><strong>Bello</strong></span> <span class='ocrx_word' id='word_1_9' title='bbox 451 1313 549 1364; x_wconf 87' lang='lat' dir='ltr'><strong>sacro</strong></span> <span class='ocrx_word' id='word_1_10' title='bbox 569 1291 728 1364; x_wconf 77' lang='lat' dir='ltr'><strong>Orientis</strong></span> <span class='ocrx_word' id='word_1_11' title='bbox 757 1293 899 1366; x_wconf 84' lang='lat' dir='ltr'><strong>morbos</strong></span> <span class='ocrx_word' id='word_1_12' title='bbox 919 1316 963 1364; x_wconf 91' lang='lat' dir='ltr'><strong>ac</strong></span> <span class='ocrx_word' id='word_1_13' title='bbox 988 1293 1123 1387; x_wconf 86' lang='lat' dir='ltr'><strong>lepram</strong></span> <span class='ocrx_word' id='word_1_14' title='bbox 1142 1291 1301 1388; x_wconf 80' lang='lat' dir='ltr'><strong>inprimis</strong></span> 
     </span>
    </p>
   </div>
   <div class='ocr_carea' id='block_1_4' title="bbox 272 1415 1401 4110">
    <p class='ocr_par' dir='ltr' id='par_1_4' title="bbox 275 1415 1399 2256">
     <span class='ocr_line' id='line_1_5' title="bbox 275 1415 1302 1514; baseline -0.002 -26"><span class='ocrx_word' id='word_1_15' title='bbox 275 1439 447 1514; x_wconf 78' lang='lat' dir='ltr'><strong>perquam</strong></span> <span class='ocrx_word' id='word_1_16' title='bbox 470 1417 652 1509; x_wconf 79' lang='lat' dir='ltr'><strong>uulgarem</strong></span> <span class='ocrx_word' id='word_1_17' title='bbox 678 1416 718 1486; x_wconf 90' lang='lat' dir='ltr'><strong>in</strong></span> <span class='ocrx_word' id='word_1_18' title='bbox 739 1415 881 1511; x_wconf 79' lang='lat' dir='ltr'><strong>Europa</strong></span> <span class='ocrx_word' id='word_1_19' title='bbox 912 1417 1043 1490; x_wconf 81' lang='lat' dir='ltr'><strong>iactam</strong></span> <span class='ocrx_word' id='word_1_20' title='bbox 1066 1441 1164 1499; x_wconf 82' lang='lat' dir='ltr'><strong>esso,</strong></span> <span class='ocrx_word' id='word_1_21' title='bbox 1193 1419 1302 1488; x_wconf 91' lang='lat' dir='ltr'><strong>multa</strong></span> 
     </span>
     <span class='ocr_line' id='line_1_6' title="bbox 275 1539 1302 1634; baseline -0.009 -17"><span class='ocrx_word' id='word_1_22' title='bbox 275 1542 479 1617; x_wconf 80' lang='lat' dir='ltr'><strong>testimonia</strong></span> <span class='ocrx_word' id='word_1_23' title='bbox 496 1539 666 1630; x_wconf 86' lang='lat' dir='ltr'><strong>historica</strong></span> <span class='ocrx_word' id='word_1_24' title='bbox 693 1539 835 1612; x_wconf 83' lang='lat' dir='ltr'><strong>docent.</strong></span> <span class='ocrx_word' id='word_1_25' title='bbox 882 1541 1046 1614; x_wconf 80' lang='lat' dir='ltr'><strong>Accessit</strong></span> <span class='ocrx_word' id='word_1_26' title='bbox 1069 1541 1247 1634; x_wconf 82' lang='lat' dir='ltr'><strong>stupenda</strong></span> <span class='ocrx_word' id='word_1_27' title='bbox 1263 1540 1302 1608; x_wconf 91' lang='lat' dir='ltr'><strong>li·</strong></span> 
     </span>
     <span class='ocr_line' id='line_1_7' title="bbox 277 1661 1307 1759; baseline -0.005 -21"><span class='ocrx_word' id='word_1_28' title='bbox 277 1665 385 1748; x_wconf 86' lang='lat' dir='ltr'><strong>bido.</strong></span> <span class='ocrx_word' id='word_1_29' title='bbox 422 1661 494 1759; x_wconf 84' lang='lat' dir='ltr'><strong>qua¹</strong></span> <span class='ocrx_word' id='word_1_30' title='bbox 522 1664 641 1757; x_wconf 88' lang='lat' dir='ltr'><strong>topica</strong></span> <span class='ocrx_word' id='word_1_31' title='bbox 667 1664 875 1757; x_wconf 81' lang='lat' dir='ltr'><strong>genitalium</strong></span> <span class='ocrx_word' id='word_1_32' title='bbox 899 1666 989 1739; x_wconf 80' lang='lat' dir='ltr'><strong>vitia</strong></span> <span class='ocrx_word' id='word_1_33' title='bbox 1014 1667 1143 1736; x_wconf 90' lang='lat' dir='ltr'><strong>mirum</strong></span> <span class='ocrx_word' id='word_1_34' title='bbox 1172 1665 1213 1736; x_wconf 92' lang='lat' dir='ltr'><strong>in</strong></span> <span class='ocrx_word' id='word_1_35' title='bbox 1233 1687 1307 1734; x_wconf 86' lang='lat' dir='ltr'><strong>mo·</strong></span> 
     </span>
     <span class='ocr_line' id='line_1_8' title="bbox 276 1785 1305 1883; baseline -0.006 -21"><span class='ocrx_word' id='word_1_36' title='bbox 276 1791 364 1862; x_wconf 89' lang='lat' dir='ltr'><strong>dum</strong></span> <span class='ocrx_word' id='word_1_37' title='bbox 383 1789 626 1862; x_wconf 81' lang='lat' dir='ltr'><strong>increverunt</strong></span> <span class='ocrx_word' id='word_1_38' title='bbox 659 1785 782 1880; x_wconf 82' lang='lat' dir='ltr'><strong>Atque</strong></span> <span class='ocrx_word' id='word_1_39' title='bbox 806 1788 876 1858; x_wconf 92' lang='lat' dir='ltr'><strong>hoc</strong></span> <span class='ocrx_word' id='word_1_40' title='bbox 897 1799 1056 1883; x_wconf 75' lang='lat' dir='ltr'><strong>temporo</strong></span> <span class='ocrx_word' id='word_1_41' title='bbox 1073 1811 1167 1860; x_wconf 78' lang='lat' dir='ltr'><strong>nova</strong></span> <span class='ocrx_word' id='word_1_42' title='bbox 1186 1796 1305 1860; x_wconf 76' lang='lat' dir='ltr'><strong>exorto</strong></span> 
     </span>
     <span class='ocr_line' id='line_1_9' title="bbox 277 1903 1399 2007; baseline -0.008 -21"><span class='ocrx_word' id='word_1_43' title='bbox 277 1926 332 1986; x_wconf 86' lang='lat' dir='ltr'><strong>cst</strong></span> <span class='ocrx_word' id='word_1_44' title='bbox 366 1915 462 1994; x_wconf 82' lang='lat' dir='ltr'><strong>lues,</strong></span> <span class='ocrx_word' id='word_1_45' title='bbox 501 1933 609 2006; x_wconf 89' lang='lat' dir='ltr'><strong>quam</strong></span> <span class='ocrx_word' id='word_1_46' title='bbox 638 1910 711 1980; x_wconf 65' lang='lat' dir='ltr'><strong>alii»</strong></span> <span class='ocrx_word' id='word_1_47' title='bbox 735 1909 954 1982; x_wconf 79' lang='lat' dir='ltr'><strong>medicorum</strong></span> <span class='ocrx_word' id='word_1_48' title='bbox 990 1914 1131 2007; x_wconf 72' lang='lat' dir='ltr'><strong>loprae,</strong></span> <span class='ocrx_word' id='word_1_49' title='bbox 1166 1908 1306 1982; x_wconf 81' lang='lat' dir='ltr'><strong>variolis</strong></span> <span class='ocrx_word' id='word_1_50' title='bbox 1398 1903 1399 1924; x_wconf 69' lang='lat'>³</span> 
     </span>
     <span class='ocr_line' id='line_1_10' title="bbox 277 2032 1307 2116; baseline -0.008 -6"><span class='ocrx_word' id='word_1_51' title='bbox 277 2039 339 2110; x_wconf 91' lang='lat' dir='ltr'><strong>alii</strong></span> <span class='ocrx_word' id='word_1_52' title='bbox 362 2035 518 2108; x_wconf 85' lang='lat' dir='ltr'><strong>adfinem</strong></span> <span class='ocrx_word' id='word_1_53' title='bbox 538 2033 764 2116; x_wconf 80' lang='lat' dir='ltr'><strong>habuerunt,</strong></span> <span class='ocrx_word' id='word_1_54' title='bbox 790 2037 933 2106; x_wconf 80' lang='lat' dir='ltr'><strong>tametsi</strong></span> <span class='ocrx_word' id='word_1_55' title='bbox 956 2059 1090 2110; x_wconf 81' lang='lat' dir='ltr'><strong>novum</strong></span> <span class='ocrx_word' id='word_1_56' title='bbox 1116 2057 1194 2108; x_wconf 84' lang='lat' dir='ltr'><strong>essa</strong></span> <span class='ocrx_word' id='word_1_57' title='bbox 1225 2032 1307 2106; x_wconf 84' lang='lat' dir='ltr'><strong>mali</strong></span> 
     </span>
     <span class='ocr_line' id='line_1_11' title="bbox 280 2157 936 2256; baseline -0.003 -23"><span class='ocrx_word' id='word_1_58' title='bbox 280 2185 392 2256; x_wconf 86' lang='lat' dir='ltr'><strong>genus</strong></span> <span class='ocrx_word' id='word_1_59' title='bbox 410 2160 595 2232; x_wconf 89' lang='lat' dir='ltr'><strong>hominum</strong></span> <span class='ocrx_word' id='word_1_60' title='bbox 617 2158 723 2250; x_wconf 79' lang='lat' dir='ltr'><strong>vulgo</strong></span> <span class='ocrx_word' id='word_1_61' title='bbox 744 2157 861 2229; x_wconf 79' lang='lat' dir='ltr'><strong>risum</strong></span> <span class='ocrx_word' id='word_1_62' title='bbox 878 2160 936 2232; x_wconf 88' lang='lat' dir='ltr'><strong>sit.</strong></span> 
     </span>
    </p>

    <p class='ocr_par' dir='ltr' id='par_1_5' title="bbox 278 2267 1401 3002">
     <span class='ocr_line' id='line_1_12' title="bbox 328 2267 1400 2377; baseline -0.002 -21"><span class='ocrx_word' id='word_1_63' title='bbox 328 2285 381 2356; x_wconf 83' lang='lat' dir='ltr'><strong>Ex</strong></span> <span class='ocrx_word' id='word_1_64' title='bbox 400 2282 521 2377; x_wconf 89' lang='lat' dir='ltr'><strong>primis</strong></span> <span class='ocrx_word' id='word_1_65' title='bbox 543 2280 774 2375; x_wconf 80' lang='lat' dir='ltr'><strong>scriptoribus</strong></span> <span class='ocrx_word' id='word_1_66' title='bbox 795 2280 842 2353; x_wconf 87' lang='lat' dir='ltr'><strong>dc</strong></span> <span class='ocrx_word' id='word_1_67' title='bbox 865 2283 935 2354; x_wconf 87' lang='lat' dir='ltr'><strong>hoo</strong></span> <span class='ocrx_word' id='word_1_68' title='bbox 959 2281 1083 2354; x_wconf 85' lang='lat' dir='ltr'><strong>morbo</strong></span> <span class='ocrx_word' id='word_1_69' title='bbox 1109 2282 1180 2354; x_wconf 86' lang='lat' dir='ltr'><strong>luit</strong></span> <span class='ocrx_word' id='word_1_70' title='bbox 1206 2283 1307 2354; x_wconf 82' lang='lat' dir='ltr'><strong>con.</strong></span> <span class='ocrx_word' id='word_1_71' title='bbox 1399 2267 1400 2288; x_wconf 50' lang='lat'>¹</span> 
     </span>
     <span class='ocr_line' id='line_1_13' title="bbox 280 2406 1309 2499; baseline -0.009 -17"><span class='ocrx_word' id='word_1_72' title='bbox 280 2409 475 2489; x_wconf 77' lang='lat' dir='ltr'><strong>Scflcmo,</strong></span> <span class='ocrx_word' id='word_1_73' title='bbox 507 2406 570 2498; x_wconf 91' lang='lat' dir='ltr'><strong>qui</strong></span> <span class='ocrx_word' id='word_1_74' title='bbox 602 2415 708 2476; x_wconf 83' lang='lat' dir='ltr'><strong>vocat</strong></span> <span class='ocrx_word' id='word_1_75' title='bbox 736 2407 896 2498; x_wconf 79' lang='lat' dir='ltr'><strong>pustulas</strong></span> <span class='ocrx_word' id='word_1_76' title='bbox 929 2408 1039 2478; x_wconf 89' lang='lat' dir='ltr'><strong>malas</strong></span> <span class='ocrx_word' id='word_1_77' title='bbox 1069 2406 1309 2499; x_wconf 79' lang='lat' dir='ltr'><strong>contagiosus,</strong></span> 
     </span>
     <span class='ocr_line' id='line_1_14' title="bbox 280 2526 1309 2625; baseline -0.007 -21"><span class='ocrx_word' id='word_1_78' title='bbox 280 2532 321 2604; x_wconf 89' lang='lat' dir='ltr'><strong>in</strong></span> <span class='ocrx_word' id='word_1_79' title='bbox 341 2543 425 2606; x_wconf 85' lang='lat' dir='ltr'><strong>cute</strong></span> <span class='ocrx_word' id='word_1_80' title='bbox 456 2526 693 2608; x_wconf 83' lang='lat' dir='ltr'><strong>ambulantos,</strong></span> <span class='ocrx_word' id='word_1_81' title='bbox 715 2551 796 2598; x_wconf 90' lang='lat' dir='ltr'><strong>cum</strong></span> <span class='ocrx_word' id='word_1_82' title='bbox 818 2531 962 2610; x_wconf 83' lang='lat' dir='ltr'><strong>ardore.</strong></span> <span class='ocrx_word' id='word_1_83' title='bbox 989 2542 1190 2625; x_wconf 86' lang='lat' dir='ltr'><strong>punctura,</strong></span> <span class='ocrx_word' id='word_1_84' title='bbox 1217 2530 1309 2601; x_wconf 78' lang='lat' dir='ltr'><strong>viru·</strong></span> 
     </span>
     <span class='ocr_line' id='line_1_15' title="bbox 278 2650 1401 2748; baseline -0.009 -21"><span class='ocrx_word' id='word_1_85' title='bbox 278 2658 392 2727; x_wconf 83' lang='lat' dir='ltr'><strong>lontia</strong></span> <span class='ocrx_word' id='word_1_86' title='bbox 421 2653 580 2733; x_wconf 75' lang='lat' dir='ltr'><strong>foetida,</strong></span> <span class='ocrx_word' id='word_1_87' title='bbox 612 2650 735 2722; x_wconf 82' lang='lat' dir='ltr'><strong>dolore</strong></span> <span class='ocrx_word' id='word_1_88' title='bbox 762 2655 915 2748; x_wconf 85' lang='lat' dir='ltr'><strong>capitis,</strong></span> <span class='ocrx_word' id='word_1_89' title='bbox 947 2655 1175 2726; x_wconf 78' lang='lat' dir='ltr'><strong>dedolationc</strong></span> <span class='ocrx_word' id='word_1_90' title='bbox 1205 2675 1309 2724; x_wconf 85' lang='lat' dir='ltr'><strong>mem·</strong></span> <span class='ocrx_word' id='word_1_91' title='bbox 1400 2685 1401 2718; x_wconf 79' lang='lat'>1</span> 
     </span>
     <span class='ocr_line' id='line_1_16' title="bbox 279 2773 1306 2871; baseline -0.005 -20"><span class='ocrx_word' id='word_1_92' title='bbox 279 2778 444 2859; x_wconf 88' lang='lat' dir='ltr'><strong>brorum,</strong></span> <span class='ocrx_word' id='word_1_93' title='bbox 470 2773 658 2847; x_wconf 87' lang='lat' dir='ltr'><strong>sudoribus</strong></span> <span class='ocrx_word' id='word_1_94' title='bbox 673 2775 841 2870; x_wconf 79' lang='lat' dir='ltr'><strong>copiosis.</strong></span> <span class='ocrx_word' id='word_1_95' title='bbox 864 2777 1029 2860; x_wconf 74' lang='lat' dir='ltr'><strong>foetidis,</strong></span> <span class='ocrx_word' id='word_1_96' title='bbox 1053 2801 1175 2850; x_wconf 87' lang='lat' dir='ltr'><strong>somno</strong></span> <span class='ocrx_word' id='word_1_97' title='bbox 1191 2777 1306 2871; x_wconf 76' lang='lat' dir='ltr'><strong>gravi,</strong></span> 
     </span>
     <span class='ocr_line' id='line_1_17' title="bbox 279 2897 634 3002; baseline -0.025 -26"><span class='ocrx_word' id='word_1_98' title='bbox 279 2901 474 3002; x_wconf 81' lang='lat' dir='ltr'><strong>multisque</strong></span> <span class='ocrx_word' id='word_1_99' title='bbox 492 2897 634 2992; x_wconf 77' lang='lat' dir='ltr'><strong>vigiliis.</strong></span> 
     </span>
    </p>

    <p class='ocr_par' dir='ltr' id='par_1_6' title="bbox 272 3021 1312 4110">
     <span class='ocr_line' id='line_1_18' title="bbox 327 3021 1310 3117; baseline -0.007 -19"><span class='ocrx_word' id='word_1_100' title='bbox 327 3027 402 3098; x_wconf 82' lang='lat' dir='ltr'><strong>Nec</strong></span> <span class='ocrx_word' id='word_1_101' title='bbox 415 3025 534 3117; x_wconf 84' lang='lat' dir='ltr'><strong>dispar</strong></span> <span class='ocrx_word' id='word_1_102' title='bbox 554 3023 669 3094; x_wconf 74' lang='lat' dir='ltr'><strong>lianc.</strong></span> <span class='ocrx_word' id='word_1_103' title='bbox 694 3022 850 3107; x_wconf 72' lang='lat' dir='ltr'><strong>eman,</strong></span> <span class='ocrx_word' id='word_1_104' title='bbox 867 3025 999 3098; x_wconf 80' lang='lat' dir='ltr'><strong>medici</strong></span> <span class='ocrx_word' id='word_1_105' title='bbox 1017 3024 1103 3098; x_wconf 84' lang='lat' dir='ltr'><strong>Itali</strong></span> <span class='ocrx_word' id='word_1_106' title='bbox 1126 3021 1310 3096; x_wconf 84' lang='lat' dir='ltr'><strong>castrensis</strong></span> 
     </span>
     <span class='ocr_line' id='line_1_19' title="bbox 279 3144 1310 3244; baseline -0.007 -22"><span class='ocrx_word' id='word_1_107' title='bbox 279 3147 526 3222; x_wconf 85' lang='lat' dir='ltr'><strong>testimonium</strong></span> <span class='ocrx_word' id='word_1_108' title='bbox 551 3155 617 3218; x_wconf 83' lang='lat' dir='ltr'><strong>cst.</strong></span> <span class='ocrx_word' id='word_1_109' title='bbox 665 3168 688 3215; x_wconf 83' lang='lat'>»</span> <span class='ocrx_word' id='word_1_110' title='bbox 703 3144 808 3229; x_wconf 87' lang='lat' dir='ltr'><strong>Vidi,</strong></span> <span class='ocrx_word' id='word_1_111' title='bbox 840 3149 959 3244; x_wconf 84' lang='lat' dir='ltr'><strong>inquit</strong></span> <span class='ocrx_word' id='word_1_112' title='bbox 971 3199 981 3232; x_wconf 89' lang='lat'>‚</span> <span class='ocrx_word' id='word_1_113' title='bbox 1015 3147 1205 3241; x_wconf 81' lang='lat' dir='ltr'><strong>armigeros</strong></span> <span class='ocrx_word' id='word_1_114' title='bbox 1235 3145 1310 3242; x_wconf 90' lang='lat' dir='ltr'><strong>pati</strong></span> 
     </span>
     <span class='ocr_line' id='line_1_20' title="bbox 280 3269 1311 3368; baseline -0.004 -24"><span class='ocrx_word' id='word_1_115' title='bbox 280 3275 401 3368; x_wconf 84' lang='lat' dir='ltr'><strong>plures</strong></span> <span class='ocrx_word' id='word_1_116' title='bbox 425 3271 586 3366; x_wconf 87' lang='lat' dir='ltr'><strong>pustulas</strong></span> <span class='ocrx_word' id='word_1_117' title='bbox 611 3271 650 3342; x_wconf 90' lang='lat' dir='ltr'><strong>in</strong></span> <span class='ocrx_word' id='word_1_118' title='bbox 668 3269 761 3342; x_wconf 79' lang='lat' dir='ltr'><strong>lacis</strong></span> <span class='ocrx_word' id='word_1_119' title='bbox 780 3282 820 3342; x_wconf 84' lang='lat' dir='ltr'><strong>at</strong></span> <span class='ocrx_word' id='word_1_120' title='bbox 836 3295 901 3365; x_wconf 86' lang='lat' dir='ltr'><strong>per</strong></span> <span class='ocrx_word' id='word_1_121' title='bbox 920 3284 1035 3345; x_wconf 90' lang='lat' dir='ltr'><strong>totum</strong></span> <span class='ocrx_word' id='word_1_122' title='bbox 1054 3295 1182 3365; x_wconf 85' lang='lat' dir='ltr'><strong>corpus</strong></span> <span class='ocrx_word' id='word_1_123' title='bbox 1199 3283 1237 3343; x_wconf 84' lang='lat' dir='ltr'><strong>ct</strong></span> <span class='ocrx_word' id='word_1_124' title='bbox 1256 3271 1311 3340; x_wconf 88' lang='lat' dir='ltr'><strong>in·</strong></span> 
     </span>
     <span class='ocr_line' id='line_1_21' title="bbox 280 3395 1312 3493; baseline -0.005 -26"><span class='ocrx_word' id='word_1_125' title='bbox 280 3397 456 3490; x_wconf 83' lang='lat' dir='ltr'><strong>cipicntcs</strong></span> <span class='ocrx_word' id='word_1_126' title='bbox 497 3396 732 3466; x_wconf 86' lang='lat' dir='ltr'><strong>communiter</strong></span> <span class='ocrx_word' id='word_1_127' title='bbox 766 3395 833 3468; x_wconf 85' lang='lat' dir='ltr'><strong>sub</strong></span> <span class='ocrx_word' id='word_1_128' title='bbox 870 3397 1081 3491; x_wconf 84' lang='lat' dir='ltr'><strong>praeputio,</strong></span> <span class='ocrx_word' id='word_1_129' title='bbox 1115 3397 1174 3467; x_wconf 81' lang='lat' dir='ltr'><strong>vel</strong></span> <span class='ocrx_word' id='word_1_130' title='bbox 1187 3429 1202 3493; x_wconf 61' lang='lat' dir='ltr'>j</span> <span class='ocrx_word' id='word_1_131' title='bbox 1215 3405 1312 3466; x_wconf 79' lang='lat' dir='ltr'><strong>extra</strong></span> 
     </span>
     <span class='ocr_line' id='line_1_22' title="bbox 272 3516 1309 3616; baseline -0.008 -24"><span class='ocrx_word' id='word_1_132' title='bbox 272 3518 528 3616; x_wconf 74' lang='lat' dir='ltr'><strong>praeputium,</strong></span> <span class='ocrx_word' id='word_1_133' title='bbox 563 3517 657 3589; x_wconf 90' lang='lat' dir='ltr'><strong>sicut</strong></span> <span class='ocrx_word' id='word_1_134' title='bbox 682 3541 829 3612; x_wconf 77' lang='lat' dir='ltr'><strong>granum</strong></span> <span class='ocrx_word' id='word_1_135' title='bbox 857 3519 964 3600; x_wconf 84' lang='lat' dir='ltr'><strong>milii,</strong></span> <span class='ocrx_word' id='word_1_136' title='bbox 990 3531 1053 3592; x_wconf 91' lang='lat' dir='ltr'><strong>aut</strong></span> <span class='ocrx_word' id='word_1_137' title='bbox 1079 3542 1186 3614; x_wconf 87' lang='lat' dir='ltr'><strong>super</strong></span> <span class='ocrx_word' id='word_1_138' title='bbox 1214 3516 1309 3590; x_wconf 86' lang='lat' dir='ltr'><strong>bala·</strong></span> 
     </span>
     <span class='ocr_line' id='line_1_23' title="bbox 282 3639 1311 3738; baseline -0.008 -21"><span class='ocrx_word' id='word_1_139' title='bbox 282 3667 369 3718; x_wconf 88' lang='lat' dir='ltr'><strong>num</strong></span> <span class='ocrx_word' id='word_1_140' title='bbox 392 3663 474 3714; x_wconf 90' lang='lat' dir='ltr'><strong>cum</strong></span> <span class='ocrx_word' id='word_1_141' title='bbox 494 3639 640 3734; x_wconf 81' lang='lat' dir='ltr'><strong>aliquali</strong></span> <span class='ocrx_word' id='word_1_142' title='bbox 662 3642 803 3735; x_wconf 89' lang='lat' dir='ltr'><strong>pruritu</strong></span> <span class='ocrx_word' id='word_1_143' title='bbox 819 3640 1002 3732; x_wconf 84' lang='lat' dir='ltr'><strong>patientis.</strong></span> <span class='ocrx_word' id='word_1_144' title='bbox 1043 3640 1245 3738; x_wconf 78' lang='lat' dir='ltr'><strong>Aliquando</strong></span> <span class='ocrx_word' id='word_1_145' title='bbox 1260 3640 1311 3709; x_wconf 88' lang='lat' dir='ltr'><strong>in·</strong></span> 
     </span>
     <span class='ocr_line' id='line_1_24' title="bbox 281 3765 1307 3860; baseline -0.007 -22"><span class='ocrx_word' id='word_1_146' title='bbox 281 3766 439 3859; x_wconf 85' lang='lat' dir='ltr'><strong>cipicbat</strong></span> <span class='ocrx_word' id='word_1_147' title='bbox 465 3767 610 3860; x_wconf 80' lang='lat' dir='ltr'><strong>pustula</strong></span> <span class='ocrx_word' id='word_1_148' title='bbox 636 3789 708 3837; x_wconf 87' lang='lat' dir='ltr'><strong>uua</strong></span> <span class='ocrx_word' id='word_1_149' title='bbox 730 3767 768 3836; x_wconf 92' lang='lat' dir='ltr'><strong>in</strong></span> <span class='ocrx_word' id='word_1_150' title='bbox 799 3765 944 3837; x_wconf 91' lang='lat' dir='ltr'><strong>modum</strong></span> <span class='ocrx_word' id='word_1_151' title='bbox 975 3768 1154 3839; x_wconf 75' lang='lat' dir='ltr'><strong>vesiculae</strong></span> <span class='ocrx_word' id='word_1_152' title='bbox 1182 3786 1307 3860; x_wconf 83' lang='lat' dir='ltr'><strong>parvae</strong></span> 
     </span>
     <span class='ocr_line' id='line_1_25' title="bbox 283 3885 1310 3982; baseline -0.009 -21"><span class='ocrx_word' id='word_1_153' title='bbox 283 3891 360 3961; x_wconf 86' lang='lat' dir='ltr'><strong>sinc</strong></span> <span class='ocrx_word' id='word_1_154' title='bbox 389 3886 535 3970; x_wconf 86' lang='lat' dir='ltr'><strong>dolore,</strong></span> <span class='ocrx_word' id='word_1_155' title='bbox 560 3889 623 3961; x_wconf 88' lang='lat' dir='ltr'><strong>sed</strong></span> <span class='ocrx_word' id='word_1_156' title='bbox 654 3912 737 3961; x_wconf 89' lang='lat' dir='ltr'><strong>cum</strong></span> <span class='ocrx_word' id='word_1_157' title='bbox 764 3890 931 3982; x_wconf 79' lang='lat' dir='ltr'><strong>pruritu·</strong></span> <span class='ocrx_word' id='word_1_158' title='bbox 965 3890 1153 3962; x_wconf 86' lang='lat' dir='ltr'><strong>Fricabant</strong></span> <span class='ocrx_word' id='word_1_159' title='bbox 1172 3900 1209 3962; x_wconf 84' lang='lat' dir='ltr'><strong>et</strong></span> <span class='ocrx_word' id='word_1_160' title='bbox 1230 3885 1310 3962; x_wconf 87' lang='lat' dir='ltr'><strong>indo</strong></span> 
     </span>
     <span class='ocr_line' id='line_1_26' title="bbox 283 4010 1309 4110; baseline -0.008 -24"><span class='ocrx_word' id='word_1_161' title='bbox 283 4010 598 4097; x_wconf 81' lang='lat' dir='ltr'><strong>exulcerabantur,</strong></span> <span class='ocrx_word' id='word_1_162' title='bbox 625 4025 805 4110; x_wconf 86' lang='lat' dir='ltr'><strong>tamquam</strong></span> <span class='ocrx_word' id='word_1_163' title='bbox 819 4013 966 4088; x_wconf 81' lang='lat' dir='ltr'><strong>formica</strong></span> <span class='ocrx_word' id='word_1_164' title='bbox 986 4015 1163 4088; x_wconf 79' lang='lat' dir='ltr'><strong>corrosiva</strong></span> <span class='ocrx_word' id='word_1_165' title='bbox 1181 4026 1217 4086; x_wconf 86' lang='lat' dir='ltr'><strong>ct</strong></span> <span class='ocrx_word' id='word_1_166' title='bbox 1233 4017 1309 4107; x_wconf 83' lang='lat' dir='ltr'><strong>post</strong></span> 
     </span>
    </p>
   </div>
   <div class='ocr_carea' id='block_1_5' title="bbox 0 0 1430 4874">
    <p class='ocr_par' dir='ltr' id='par_1_7' title="bbox 0 0 1430 4874">
     <span class='ocr_line' id='line_1_27' title="bbox 0 0 1430 4874; baseline 0 0"><span class='ocrx_word' id='word_1_167' title='bbox 0 0 1430 4874; x_wconf 95' lang='lat' dir='ltr'><strong> </strong></span> 
     </span>
    </p>
   </div>
  </div>
 </body>
</html>
