2834 4874
260 366 319 456 leo
543 365 999 454 iurarurrrnrrrs.

258 567 512 665 diaphoreticis
545 569 664 642 inlusa
697 593 769 640 non
794 573 874 641 leve
910 568 1033 641 attulit
1064 551 1285 642 emolrrmeni'

258 695 350 778 lum3
369 694 472 787 quod
494 704 613 764 tamen
631 717 703 764 non
719 695 808 764 adeo
826 698 1120 788 praesentaneum
1142 698 1278 778 extitit,

256 817 551 915 quemadmodum
582 821 620 887 in
649 817 808 888 tertianis
837 818 1055 911 perniciosis.
1113 817 1285 889 Proficieae

256 941 320 1012 hat
336 940 566 1012 nihilominus
590 963 747 1010 amarum
771 941 840 1011 hoc
858 941 1087 1035 pharmacum
1108 944 1280 1012 mediocri

255 1067 333 1137 dosi
352 1065 569 1142 exhibitum,
594 1064 692 1157 quod
712 1063 833 1133 vitiosi
861 1061 1026 1136 humores
1050 1065 1200 1134 inducta
1221 1074 1285 1136 κέ

253 1191 323 1258 luti
348 1189 509 1258 coctione
540 1209 616 1256 eam
640 1186 755 1254 crasin
778 1184 1077 1279 adipiscerentur,
1102 1213 1174 1282 qua
1193 1213 1284 1281 opus

257 1325 332 1392 est,
358 1323 399 1380 ut
428 1310 475 1380 'ad
503 1311 579 1380 loca
607 1309 813 1380 salutarium
841 1309 1066 1382 abscessuum
1090 1311 1280 1405 proclivius

188 1507 190 1517 ,
224 1433 524 1514 ‹devolvantnr.”

266 1547 270 1555 ’
305 1559 375 1638 lis,
402 1579 493 1652 quae
527 1555 699 1624 hactenus
726 1555 939 1636 adtulimus,
966 1570 1151 1628 auctorum
1183 1563 1281 1630 testi-

257 1683 385 1753 moniis
414 1680 555 1750 abunde
587 1688 742 1757 constat,
778 1701 948 1772 perquam
980 1683 1140 1774 vulgares
1173 1683 1282 1756 fnisse

256 1807 391 1878 ultimis
414 1805 515 1872 annis
544 1802 654 1870 seculi
686 1802 815 1871 decimi
844 1804 985 1894 septimi
1004 1806 1283 1877 intermittentes

255 1929 470 2024 perniciosas
489 1927 526 1992 in
545 1925 651 1994 variis
673 1926 836 2018 Europae
853 1925 1015 2018 partibus
1031 1951 1162 2024 easque
1181 1955 1285 2022 spon-

256 2066 294 2124 te
315 2073 377 2121 sua
399 2051 436 2117 iu
463 2047 610 2140 typhum
634 2048 867 2139 petechialem
889 2049 1064 2146 aliamque
1087 2059 1286 2147 quamcun-

256 2197 328 2270 que
356 2171 491 2242 lehrem
521 2171 744 2262 pestilentem
775 2173 972 2244 inclinasse.
1022 2177 1286 2270 Saepenumero

258 2299 367 2369 etiam
389 2295 691 2386 complicationem
715 2297 949 2367 verminosam
969 2299 1013 2367 iis
1040 2297 1199 2370 febribus
1221 2303 1286 2372 ad·

257 2420 430 2491 haesisse:
456 2441 548 2511 qnae
570 2418 794 2511 complicatio
813 2423 1011 2491 verminosa
1025 2423 1101 2514 jam
1128 2433 1287 2516 tempore
1415 2477 1416 2526 t

257 2545 406 2616 Fcnusrr
432 2540 566 2611 nostri:
593 2540 630 2610 id
654 2555 708 2612 est
730 2543 849 2613 seculo
879 2545 1117 2635 praecedente
1147 2547 1288 2620 decimo

258 2679 358 2737 sexto
394 2664 518 2735 crebra
545 2679 779 2753 memoratum
816 2677 924 2759 caput
952 2666 1110 2762 denique
1142 2672 1288 2762 petiisse

138 2795 139 2798 ’
258 2803 297 2862 et
317 2813 427 2882 genus
448 2813 656 2860 nervorum:
682 2791 779 2862 unde
799 2789 1063 2884 cephalalgiae,
1089 2806 1289 2897 comatum,

260 2915 548 2994 convulsionum,
579 2915 861 3008 apoplexiarum‚
893 2913 1134 3005 lethargorum
1160 2919 1291 3008 multo-

257 3054 410 3130 rumque
438 3035 587 3108 aliorum
618 3041 694 3109 sive
726 3049 1018 3132 symptomatum,
1044 3041 1119 3111 sire
1148 3042 1290 3112 morbo·

255 3181 338 3232 ‘rum
364 3159 462 3254 origo
487 3163 682 3254 repetenda
704 3173 770 3231 cst.

256 3295 257 3300 ’
309 3287 471 3378 Denique
499 3259 537 3354 in
568 3284 638 3354 hoc
663 3297 801 3376 tempus
826 3285 924 3356 cadit
949 3289 1080 3380 pariter
1110 3287 1289 3359 liberalior
1414 3335 1415 3356 r

256 3422 348 3480 cort.
374 3409 581 3500 peruviani,
606 3409 692 3478 novi
721 3419 807 3478 tunc
837 3410 1007 3490 remedii,
1034 3435 1119 3480 usus
1139 3414 1289 3484 multae'-

254 3539 332 3628 'que
365 3533 519 3602 virorum
556 3533 741 3600 doctorum
769 3535 815 3601 de
845 3533 956 3624 ipsius
985 3559 1051 3604 usu
1087 3548 1124 3605 et
1154 3536 1290 3620 abusu,

254 3656 425 3727 'laudibus
453 3668 490 3725 et
519 3655 705 3747 vituperiis
735 3679 806 3725 non
831 3657 907 3726 sinc
928 3657 980 3725 ira
1005 3670 1042 3727 et
1065 3659 1183 3730 studio
1210 3663 1292 3732 lites

261 3791 299 3849 et
324 3781 585 3849 controversiae
613 3791 750 3858 motae,
773 3780 905 3872 quibus
929 3780 1018 3871 illud
1043 3783 1185 3854 tandem
1206 3786 1293 3856 honi

255 3903 402 3981 evenit,
428 3917 469 3974 ut
494 3904 652 3996 legitima
678 3904 827 3973 remedii
857 3905 1149 3998 praestantissimi
1181 3909 1293 3977 admi·

262 4027 437 4098 nistrandi
460 4027 551 4097 ratic
582 4027 697 4096 indies
722 4027 849 4098 melius
868 4039 905 4098 et
924 4029 1132 4101 adcuratius
1152 4030 1295 4103 definiri
1323 4121 1327 4134 ¹
