2900 4874
509 372 839 438 vtutotttt
1147 377 1184 440 m

160 559 241 628 tiam
269 553 483 634 catarrhale,
516 579 590 648 quo
619 553 822 625 charactere
850 579 890 624 ao
921 556 1033 625 sorma'
1060 571 1183 652 postea

161 679 344 774 prodiit-ct
362 679 535 748 haotenus
561 679 730 747 comitur.

207 805 342 876 Verum
370 803 414 872 ad
443 801 594 871 reriolas
622 815 664 872 ut
689 803 892 883 redeamus,
917 803 1042 872 harum
1070 804 1187 875 rari&

151 938 251 998 tates
270 925 433 996 Arabum
455 937 613 1018 tempore
634 926 821 996 nonnullas
843 926 952 997 fuisse
967 929 1185 1010 observatas.

150 1051 316 1144 ipsorum
342 1058 520 1120 testantur
544 1049 732 1129 historiae,
768 1071 855 1142 quas
889 1071 931 1120 ox
949 1050 1187 1124 theoriche-

160 1197 297 1244 morum
326 1147 476 1242 maximo
513 1173 688 1265 explicare
723 1173 841 1242 conati
877 1187 983 1254 sunt,
1020 1195 1186 1269 quaeque

160 1309 300 1392 postea,
324 1307 367 1366 ut
387 1296 449 1376 fit,
475 1306 513 1364 et
530 1298 646 1388 magis·
664 1293 834 1366 definitae
860 1307 897 1366 et
924 1296 1035 1388 magis
1054 1319 1187 1367 nume·

160 1445 259 1492 rosae
278 1420 537 1514 adparuerunt,
563 1443 651 1513 quas
671 1431 789 1488 tamen
809 1419 853 1489 ad
883 1421 1033 1490 eandem
1054 1421 1186 1491 tribum

149 1566 327 1615 revocare
349 1553 509 1636 oportet,
534 1541 703 1638 quorsrun
718 1543 915 1614 'referimus
938 1543 1190 1614 eum-varice}-

135 1669 226 1764 ¹ias,
261 1679 340 1737 tum
369 1665 599 1745 veristeten,
623 1687 786 1759 quaeque
815 1679 857 1737 ut
878 1689 943 1759 per
966 1667 1189 1737 ¹vaccinatio·

148 1813 240 1861 rnem
263 1790 421 1884 aliasque
442 1788 623 1859 inserendi
640 1789 832 1860 methodos
856 1800 983 1859 auctae
1009 1798 1112 1868 sunt,
1138 1791 1189 1874 ita

149 1916 199 1984 in
219 1924 404 2008 posterum
429 1911 673 2006 augebuntur,
700 1923 776 1984 tum
804 1935 867 2007 per
885 1913 949 1982 has
973 1913 1084 2006 ipses,
1112 1924 1188 1982 tum

161 2062 224 2132 per
251 2035 462 2131 syphilides,
488 2035 713 2119 sorotuloses,
744 2036 899 2108 scabiem
925 2035 1085 2132 aliasque
1103 2038 1188 2108 siue

162 2161 409 2256 impetigines,
443 2161 517 2231 sive
549 2161 760 2254 dysorasias,
794 2161 1031 2231 diversimode
1063 2161 1189 2230 mixtas

166 2299 204 2358 et
225 2285 409 2380 copulatas
419 2308 434 2358 z.
452 2282 548 2362 unde
566 2284 697 2378 liquat,
717 2294 849 2376 quanta
867 2283 1088 2372 ,difficultate
1106 2307 1187 2378 pre·
1211 2303 1215 2308 ·

161 2424 279 2482 matur
304 2406 555 2478 dennatosium
579 2430 643 2501 per
668 2407 758 2479 solas
776 2407 922 2479 termas:
949 2407 1185 2486 macularum,

147 2533 392 2631 papularum,
430 2529 675 2622 pustularum,
708 2537 953 2626 squamarunfi
987 2530 1187 2614 bullarum,

146 2657 403 2732 ‚vesiculamm
441 2654 660 2750 aliorumque
705 2655 929 2730 classifioatio
958 2653 1187 2726 artificialis:

161 2803 256 2878 quac
274 2779 412 2850 tamdiu
430 2799 556 2854 manca
569 2759 639 2852 crit
650 2790 689 2850 ct
705 2778 931 2873 imperfecta,
956 2778 1126 2872 quamdiu
1141 2777 1188 2849 ad

162 2915 310 2972 naturas
337 2913 376 2972 et
402 2903 672 2994 compositiones
700 2897 910 3000 omnemque
938 2902 1187 2997 pathogcni'am

161 3025 292 3096 horum
319 3025 521 3098 morborum
542 3041 698 3100 mentem
723 3029 908 3100 advertere
932 3026 1063 3098 medici
1079 3027 1190 3119 negti·

163 3161 269 3242 gant,
305 3161 347 3220 ut
375 3149 457 3222 ideo
491 3152 685 3245 optandum
711 3152 821 3232 iuret,
853 3160 895 3220 ut
927 3151 1033 3222 hano·
1052 3161 1189 3242 parram
1234 3163 1236 3168 '

149 3257 442 3366 ,nosographiaffi
468 3274 491 3344 i.
516 3297 547 3346 e.
574 3275 756 3346 historiam
779 3274 978 3346 naturalem
1011 3274 1189 3368 dermato-

163 3398 273 3480 sium‚
297 3395 423 3490 majori
444 3398 564 3470 studio
577 3409 616 3470 et
637 3399 811 3470 industria
822 3399 939 3468 colant
957 3396 1188 3494 dermatologi

146 3533 271 3617 ,atque
297 3520 542 3613 philosophiae
573 3521 732 3594 medicae
759 3523 840 3594 luce
867 3523 1093 3594 collustrent:
1125 3546 1188 3594 cu-

159 3646 220 3738 jus
245 3645 384 3716 meliori
414 3643 558 3716 fortuna
589 3647 757 3720 colendae
786 3669 865 3740 spes
890 3670 953 3740 per
981 3646 1189 3720 methodum

164 3769 475 3868 experimentuiem
495 3768 563 3840 rite
588 3769 790 3840 institutam
809 3769 985 3864 adfulget,
1012 3772 1187 3868 cujusque

164 3893 360 3986 peripsam
386 3893 615 3964 insertionem
642 3893 851 3964 tariotarum
880 3867 1122 3975 racemorum,
1147 3909 1190 3967 ut

145 4015 261 4108 prius
288 4041 350 4110 per
381 4018 656 4090 inoculationem
684 4020 893 4092 variolarum
923 4045 1084 4094 verarum
1117 4025 1189 4093 iac·
