2812 4864
341 1264 583 1366 ,srrcrurrr
613 1235 946 1362 oroorirnron
985 1263 1203 1327 urnrcsr.
1262 1221 1278 1268 ·'

261 1549 282 1614 ·’
313 1569 519 1644 Praemissis
534 1549 814 1661 generalioribus
829 1568 885 1641 vde
901 1571 1104 1644 morborum
1123 1583 1195 1644 tam
1213 1576 1286 1670 opi·
1399 1579 1400 1586 ’

258 1695 480 1776 'demiorum‚
501 1710 608 1787 quam
626 1691 869 1764 eudemiorum
883 1694 1051 1780 historia,
1075 1698 1205 1770 sensim
1219 1723 1285 1770 ser-

262 1821 379 1892 inonis
409 1829 538 1889 eureus
555 1828 620 1888 noe
649 1817 805 1888 traduxit
833 1817 877 1890 ad
905 1822 1288 1916 geographiammedi'·

264 1967 361 2026 eam,
391 1961 500 2038 quam
523 1942 575 2012 ite
604 1937 914 2025 adumbrabimue.
946 1957 995 2017 ut
1014 1943 1199 2016 historiam
1226 1947 1288 2017 tei

260 2065 350 2140 turis
378 2065 576 2136 naturalem
612 2077 790 2160 tamqnam
821 2064 1090 2139 [undamentum
1121 2069 1287 2164 subjicio-

261 2213 360 2292 mue:
386 2208 429 2260 ae
444 2211 554 2284 quurn
576 2188 673 2282 prius
695 2189 740 2257 ab
761 2189 898 2261 oriente
915 2199 953 2261 et
967 2192 1118 2264 meridie
1134 2195 1181 2264 ad
1198 2193 1286 2264 ocor

262 2313 409 2385 rientem
438 2289 477 2383 et
507 2289 796 2414 septemtrionem
833 2315 1021 2408 progressi.
1040 2337 1184 2399 sumus,
1213 2317 1286 2410 jam

263 2432 390 2508 brdine
412 2434 553 2506 inverso
576 2458 597 2505 a
619 2435 871 2529 septemtrione
890 2446 929 2508 et
948 2438 1135 2511 occidente
1154 2441 1200 2511 ad
1218 2441 1287 2512 mei

263 2559 392 2633 ridiem
421 2565 460 2629 et
486 2556 661 2626 orientem
692 2570 928 2630 revertamur:
964 2571 1020 2630 est
1047 2563 1142 2632 enim
1180 2565 1288 2634 omnis
1398 2625 1399 2630 ,

264 2683 361 2754 haee
370 2679 520 2753 seientia
538 2680 682 2773 originis
702 2685 923 2776 germanicae
934 2691 972 2754 et
983 2687 1150 2767 reeentis,
1166 2709 1287 2782 quam-

265 2807 373 2900 q'uam
392 2805 637 2880 flmoermrs
654 2805 797 2898 ingenio
818 2805 897 2900 ejus
921 2807 1076 2902 speeiem
1097 2809 1258 2882 haeret.

655 3051 898 3080 m

449 3233 713 3298 Prrtusuur
749 3233 1111 3299 scutulurvlsa.

690 3341 856 3419 roos.)

315 3546 351 3620 A
377 3543 635 3620 Seandinariae
660 3545 849 3640 peninsula
875 3529 945 3619 iter
965 3548 1163 3630 ordiemur,
1197 3548 1289 3620 duee

268 3697 310 3746 ae
334 3671 429 3743 soeio
447 3669 497 3742 Gi.
515 3669 675 3742 Sosoow.
698 3670 762 3742 Est
777 3671 876 3764 regio
896 3672 968 3743 alta
981 3682 1159 3750 montosa,
1185 3693 1291 3766 quam

268 3794 430 3888 amajori
447 3802 549 3887 parte
569 3793 786 3866 oireumfluit
800 3811 907 3866 mare.
944 3793 1003 3866 Ad
1021 3794 1197 3866 orientem
1213 3815 1292 3863 sen-

267 3921 333 3992 sim
351 3919 562 3990 deurerennt
580 3929 734 4000 montes,
751 3918 798 3991 ed
809 3917 1032 4022 ooeidentem
1050 3927 1173 3990 eontra
1189 3939 1293 4011 prae-

270 4040 369 4135 rupti
385 4048 485 4111 sunt:
510 4062 574 4136 per
594 4040 689 4112 illem
717 4042 914 4118 decurrunt
934 4039 1080 4116 flumina
1101 4041 1235 4136 majora
1253 4051 1293 4116 et
