2900 4874
209 375 254 452 io
459 381 659 450 cnonas
697 387 993 454 arronnrcr.

212 594 283 668 que
298 568 533 641 daemoniacis
551 569 786 639 adnumerant
804 573 985 663 aequales;
1005 575 1246 669 quamprimo

210 695 441 770 adumbrare.
467 691 597 763 deinde
626 693 851 783 interpretari
877 694 1094 767 conabimur.

231 818 364 891 ·Anno
384 815 478 890 1384
507 813 604 904 (sunt
632 814 741 886 rerba
770 815 824 886 Jo.
844 817 1004 892 Prsroan
1032 819 1163 891 Rerum
1185 823 1238 894 ia-

208 943 456 1035 miliarumquc
483 931 709 1031 Belgicarum'
728 938 890 1011 Chronic.
906 943 1043 1037 vrrrasgn.)
1077 954 1242 1040 tempore

210 1065 439 1162 pontificatus
461 1061 672 1134 venerabilis
700 1061 837 1134 domini
864 1063 1011 1136 loannis
1031 1067 1077 1138 de
1100 1068 1237 1146 Arclrel
1276 1151 1283 1162 ⁸

210 1190 368 1298 episcopi
402 1185 606 1260 Leodiensis
647 1186 685 1255 in
723 1209 844 1258 mense
875 1187 972 1259 Julio
1010 1189 1047 1262 in
1082 1193 1238 1266 crastino

210 1311 398 1386 divisionis
418 1310 668 1404 Apostolorum
688 1308 854 1384 visisunt
872 1310 1077 1385 dansatores
1098 1315 1237 1386 scilicet

211 1435 448 1514 chorisantes,
472 1433 536 1529 qui
560 1443 880 1530 posteaveuerunt
895 1433 1125 1530 ‘Trajectum,
1149 1438 1239 1511 Leo-

211 1562 334 1675 (lium,
368 1557 538 1652 Tungrim
565 1568 603 1628 et
638 1555 707 1625 alia
739 1555 818 1624 loca
846 1556 993 1628 istarum
1015 1562 1170 1654 partium
1197 1563 1239 1634 in

78 1689 83 1702 ’
114 1773 118 1780 .
210 1709 331 1780 mense
349 1681 560 1777 Septembri.
607 1681 655 1751 Et
673 1676 792 1772 coepit
808 1678 898 1750 haec
912 1680 1142 1786 daemoniaca
1155 1708 1238 1781 pos·

209 1812 256 1882 tis
278 1832 405 1882 verare
426 1811 464 1878 in
481 1805 588 1876 dictis
606 1803 695 1874 locis
712 1814 751 1873 et
778 1802 1039 1878 circumvicinis
1059 1811 1238 1883 masculos

210 1945 249 2006 et
268 1932 437 2006 foeminas
455 1928 604 1997 maxime
628 1949 804 2020 pauperes
822 1938 860 1997 et
876 1927 966 2000 levis
986 1930 1164 2026 opinionis
1188 1933 1237 2004 ad

210 2076 375 2149 magnum
402 2051 558 2122 omnium
587 2062 778 2120 terrorem:
810 2051 918 2144 pauci
943 2052 1150 2127 clericorum
1176 2055 1238 2127 vel

211 2180 365 2251 divitum
385 2185 468 2244 sunt
487 2175 614 2245 vexati.
634 2174 757 2246 serta
774 2174 813 2244 in
835 2174 1011 2270 capitibus
1032 2177 1237 2272 gestabant,

212 2303 307 2374 circa
338 2310 497 2372 ventrem
524 2319 652 2390 mappa
679 2318 761 2367 cum
791 2282 920 2370 baculo
953 2325 991 2371 se
1016 2301 1238 2397 stringebant

214 2409 309 2501 circa
339 2420 568 2500 umbilicum,
602 2417 666 2490 ubi
688 2432 778 2516 ‚post
800 2404 1035 2518 ¹saltationem
1070 2425 1239 2496 cadentes

180 2553 358 2624 nimium
391 2542 648 2640 torquebantur
681 2556 721 2615 et
749 2570 796 2617 ne
827 2557 1054 2641 creparentur
1084 2545 1239 2642 pedibus

212 2671 530 2748 conculcabantur,
556 2665 614 2737 vel
642 2679 765 2739 contra
780 2693 975 2764 creporem
999 2691 1081 2740 cum
1104 2669 1235 2745 baculo
1335 2692 1344 2702 '

211 2799 258 2902 ad
284 2815 445 2888 mappam
474 2790 611 2862 duriter
637 2815 675 2862 se
705 2792 883 2885 ligabant,
917 2793 976 2864 vel
1005 2815 1088 2862 cum
1117 2815 1239 2887 pugno

213 2946 252 3028 se
273 2919 371 2994 trudi
394 2914 592 3001 iaciebant3
616 2926 731 2986 rostra
758 2915 957 2986 calceorum
981 2913 1093 3010 aliqui
1112 2916 1242 2987 olama-
1360 2947 1366 2961 =

211 3046 301 3118 bant
323 3067 361 3114 se
385 3039 594 3120 abhorrere,
620 3037 716 3110 unde
746 3038 785 3108 in
808 3037 942 3110 Leodio
968 3036 1046 3108 ficri
1068 3023 1159 3121 ,tuno
1175 3062 1242 3111 ve-

134 3194 136 3198 ’
213 3170 391 3243 tabantur.
438 3164 615 3237 Ecclesias
634 3159 845 3232 cborisando
866 3159 1087 3254 occupabant
1102 3173 1144 3233 et
1162 3185 1240 3236 cre-

169 3269 170 3274 *
213 3293 360 3367 scebant
377 3292 563 3362 numerose
581 3288 628 3359 do
648 3309 769 3357 mense
793 3282 995 3378 Septembri
1016 3295 1054 3354 et
1073 3283 1241 3372 Octobri,

212 3414 454 3512 processiones
492 3401 628 3484 fiebant
660 3410 817 3504 ubique,
851 3406 999 3484 huniae
1033 3418 1072 3486 ot
1104 3431 1241 3484 messae

213 3539 394 3635 speciales.
412 3575 458 3592 -
476 3537 575 3608 Ilaec
593 3533 703 3628 pestis
720 3533 814 3603 intra
828 3553 959 3602 annum
968 3531 1053 3602 satis
1067 3529 1242 3617 invaluit,

213 3662 278 3734 ssd
301 3669 424 3755 postca
444 3682 508 3753 per
527 3669 597 3729 tres
618 3667 681 3730 aut
698 3665 853 3751 quatmr
870 3675 981 3727 annos
1003 3676 1147 3752 prorsus
1163 3675 1241 3730 ces·
1272 3682 1275 3690 ·

212 3785 315 3858 savit
1224 3841 1230 3858 .

265 3909 351 3980 Cum
374 3907 430 3978 his
452 3902 628 3997 consentit
654 3900 780 3976 relatio
806 3903 919 3978 Psrm
941 3923 988 3978 ou
1012 3904 1241 3998 Hmnrsrs,

214 4047 257 4109 nt
285 4033 399 4129 prior,
435 4032 544 4102 citata
570 4030 617 4101 ab
644 4032 815 4106 flocum
840 4024 995 4126 Anhang
1019 4055 1097 4128 pag.
1114 4031 1162 4110 83
1179 4057 1240 4132 sq.
