2834 4874
280 387 337 484 ita
556 385 1022 478 rarrarrrrrrvrss'.

280 607 318 674 in
343 622 493 672 summas
518 579 697 690 augustias
721 597 887 667 adducit:
914 597 1010 666 unde
1031 597 1218 690 spirituum
1238 593 1307 668 tor·'
1355 626 1359 634 ¹

278 738 411 823 porat
437 721 650 815 stupiditas,
685 719 939 800 somnolentia,
973 722 1133 815 vertigo,
1169 724 1306 792 aurium

276 849 450 926 tinnitus,
477 857 665 924 tremores,
688 843 806 915 motus
828 847 1037 917 convulsivi.

324 973 397 1065 Qui
415 993 534 1050 senes,
560 969 828 1048 melancholici,
853 980 917 1038 aut
942 969 1028 1040 alias
1046 970 1306 1042 invaletudine·

274 1094 321 1169 rii
343 1098 382 1166 in
403 1095 495 1164 hanc
516 1091 652 1162 febrem
679 1093 865 1180 incidunt,
890 1095 1041 1188 aprimo
1069 1074 1148 1187 ejus
1168 1097 1304 1166 insultu

252 1221 394 1298 ,statim
417 1215 549 1309 torpidi
570 1226 607 1285 et
623 1214 833 1309 plerumque
853 1219 1061 1311 vertiginosi
1087 1217 1247 1290 evadunt
1265 1244 1304 1288 ac

275 1367 356 1415 eum
381 1339 507 1434 majori
526 1339 621 1409 vitae
646 1339 805 1431 periculo
826 1341 1041 1414 decumbere
1066 1343 1191 1414 solent.
1229 1345 1305 1417 Uri-

274 1493 321 1538 na
342 1467 381 1536 in
405 1463 565 1558 plurimis
583 1461 722 1531 intense
742 1463 942 1536 rubicunda
960 1479 1030 1548 est,
1058 1468 1184 1538 eoloris
1207 1482 1303 1538 satu·

274 1591 344 1662 rati
364 1589 473 1680 magis
498 1597 536 1655 et
556 1585 809 1658 consistentiae
828 1591 1024 1673 crassioris,
1049 1615 1156 1686 quam
1177 1593 1218 1660 in
1237 1604 1303 1660 ter-

275 1719 374 1786 tiana
404 1709 592 1782 communi.
617 1739 663 1757 -·
688 1709 778 1779 Raro
800 1714 933 1784 accidit
956 1717 995 1785 in
1024 1715 1093 1785 hae
1119 1715 1238 1796 febre,
1265 1727 1303 1784 ut

274 1839 450 1935 quispiam
467 1833 701 1905 moribundus
719 1840 887 1908 memoria
909 1850 946 1908 et
964 1836 1153 1909 intellectu
1176 1843 1303 1910 valeat.

277 1941 375 2055 Quos
394 1981 478 2033 vero
496 1983 516 2027 e
536 1959 705 2052 languore
727 1983 862 2032 summo
892 1973 930 2032 et
957 1973 1054 2032 statu
1080 1963 1155 2032 sere
1184 1965 1304 2056 deplo-

274 2099 353 2158 rato
384 2082 535 2155 evadere
574 2083 765 2174 contingit,
798 2083 862 2153 diu
894 2085 1119 2164 vacillantes,
1153 2087 1302 2179 torpidi,

275 2231 422 2290 enerves
438 2207 584 2300 jacent,
609 2217 652 2275 ut
668 2207 808 2276 nonnisi
830 2220 909 2301 post
930 2208 1080 2278 dubium
1102 2223 1138 2278 et
1158 2210 1304 2280 difficile

276 2346 456 2404 certamen
470 2342 598 2400 natura
619 2303 761 2400 tandem
790 2331 847 2401 vir
870 2333 1016 2426 quidem
1039 2333 1162 2402 morbo
1186 2335 1302 2426 potior

274 2445 433 2526 estiterit
458 2465 496 2522 ct
522 2443 607 2522 dei'n
634 2451 733 2522 lenta
754 2477 796 2523 ac
822 2454 991 2525 diuturna
1017 2459 1301 2528 convalescentia
1399 2505 1400 2548 3

272 2581 366 2650 vires
387 2576 558 2673 gradatim
576 2591 773 2668 recuperet.

320 2675 404 2774 'Fcis
423 2695 532 2771 lebris
553 2699 811 2779 intermittens,
837 2706 1057 2796 tempestatis
1078 2729 1301 2799 praegressae

272 2825 456 2898 anomaliis
481 2823 727 2905 attribuenda,
764 2827 840 2918 typi
866 2828 971 2906 varii,
1003 2853 1023 2896 a
1048 2853 1120 2924 qua
1148 2829 1301 2922 correpti

271 2949 434 3044 protinus
463 2949 571 3017 malas
604 2949 730 3040 capitis
762 2949 970 3020 affectiones
999 2951 1228 3044 patiebantur
1259 2975 1298 3019 ae

187 3095 192 3102 ’
271 3084 351 3168 post
368 3096 478 3143 unum
503 3082 566 3140 aut
585 3073 734 3140 alterum
754 3093 995 3165 paroxysmum
1018 3075 1121 3146 valde
1141 3077 1298 3147 imbecil-

269 3199 321 3267 les
340 3198 396 3266 vir
414 3195 566 3289 pedibus
587 3205 697 3276 stare,
721 3207 783 3264 aut
807 3195 940 3290 absque
962 3200 1205 3271 sustentaculo
1224 3223 1295 3270 arn·

266 3320 390 3390 bulare
416 3318 591 3389 valebant.
912 3322 916 3330 '

329 3443 541 3515 Praesertim
573 3442 779 3522 vomitorio,
818 3443 994 3537 digestiva
1017 3458 1055 3516 et
1087 3451 1293 3521 vesicatoria
1398 3423 1399 3450 ³

270 3567 513 3639 commendata
537 3579 620 3636 sum
649 3566 695 3637 ad
715 3591 842 3637 nervos
877 3569 1082 3639 excitandos
1104 3582 1141 3640 et
1169 3575 1291 3666 capitis

268 3693 360 3761 mala
384 3689 554 3761 levanda:
582 3690 612 3759 si
640 3714 682 3760 ex
708 3703 872 3786 torpore,
908 3694 1163 3776 somnolentia,
1189 3696 1292 3766 verti·

268 3816 369 3908 gine,
396 3812 613 3906 cephalalgia
643 3827 803 3901 constet,
828 3842 888 3887 eos
912 3817 1126 3898 hebescere,
1154 3831 1291 3912 praeter

200 4021 207 4031 ο
268 3926 427 4008 remedia
457 3940 619 4030 superius
649 3941 780 4010 tradita
814 3953 851 4010 et
881 3942 1052 4035 imprimis
1086 3940 1291 4012 vesicatoria

269 4061 478 4162 condurisse
516 4061 680 4131 feruntur
712 4063 947 4135 medicamina
975 4064 1047 4135 sale
1075 4045 1210 4136 volatili
1238 4087 1291 4134 re·
