2812 4864
304 403 364 468 aas
496 407 713 487 cornum
735 407 784 470 es
812 409 954 472 uorsus
974 394 1117 473 tuone.

303 583 513 658 mit'smatici
530 588 707 662 'dicuntur
730 595 881 685 etquc'a
900 589 1070 682 paludum
1081 571 1243 682 ‘effluvits
1260 590 1315 660 ort:

303 711 421 802 ginem
434 723 614 806 repetunt
638 711 1002 785 Namabneurosibus
1016 714 1315 785 intermittentibus

302 835 350 910 nd
375 833 503 906 febrim
527 835 657 908 flavam
679 860 753 906 una
776 851 833 908 est
859 851 897 908 et
919 839 1094 908 continue
1108 847 1317 932 processuum

300 959 606 1053 pathologicorum
630 960 760 1041 series,
781 985 854 1054 qua
885 973 927 1032 et*
942 964 1117 1032 tertianae
1139 961 1316 1054 simplices,

302 1082 522 1176 dupliceset
542 1083 661 1157 febres
689 1084 837 1178 biliosao
862 1085 1087 1155 remittentes
1113 1095 1152 1157 et
1171 1085 1316 1156 eholerss

166 1199 172 1212 ’
301 1219 341 1278 ct
356 1206 565 1278 diarrhoeae
580 1217 617 1278 et
634 1205 859 1302 dysenteriae
876 1218 914 1277 ct
930 1205 1202 1298 hepatitideset
1214 1207 1318 1302 gustui·

302 1330 396 1402 tides
416 1342 455 1402 et
476 1330 686 1402 cnteritides
703 1341 741 1402 et
761 1331 938 1426 hydropes
960 1331 1316 1424 comprehendentem

302 1465 461 1526 cunstas.
478 1475 522 1526 ac
542 1454 703 1548 singulae
726 1479 770 1526 ex
790 1455 921 1527 codem
943 1435 1143 1549 pandentes
1160 1453 1317 1549 principio

300 1579 498 1674 eademque
519 1579 700 1650 societatis
722 1579 802 1673 lege
826 1587 1028 1650 connexae.'
1060 1609 1063 1618 ’

301 1747 314 1762 ·
351 1703 456 1796 Quae
470 1703 513 1774 'in
528 1703 734 1795 temperetis
760 1703 970 1796 regionibus
986 1727 1030 1774 ex
1055 1703 1241 1774 miramate
1254 1719 1318 1796 prot

304 1832 456 1900 veniunt
475 1826 774 1910 intermittentes,
796 1827 942 1932 eaedem
968 1828 1009 1896 in
1030 1827 1259 1898 calidioribus
1281 1850 1316 1896 er

300 1952 429 2039 eaden
452 1951 617 2022 oriuntur
645 1953 790 2032 caussa,
811 1953 875 2024 sed
903 1951 1108 2045 grauiores,
1131 1952 1171 2022 in
1192 1951 1316 2046 tropicis
1378 2019 1379 2024 ,

301 2073 552 2167 grarimimce,
586 2075 624 2145 in
653 2076 932 2148 continuitatem
956 2075 1158 2170 prooliaes,
1193 2075 1315 2146 turbata

302 2197 548 2281 eircuhtione,
565 2199 668 2272 venis
678 2201 901 2294 potissimum
913 2199 1064 2270 internis
1079 2200 1316 2294 sanguinetur·

300 2322 466 2416 gentibus
480 2332 589 2416 atque
605 2327 800 2419 oppressis,
823 2325 982 2404 obrutis,
1004 2337 1121 2418 neque
1136 2327 1255 2398 nervis
1268 2323 1318 2392 de·

300 2443 383 2516 hire
397 2455 463 2516 aut
481 2445 640 2537 legitime
659 2447 949 2529 reflectentibus,
974 2447 1101 2516 miram
1115 2450 1317 2544 concitantes
1377 2501 1378 2510 ,

302 2567 529 2652 functionum
549 2573 708 2642 omniurn
729 2571 1053 2665 perturbationem:
1073 2570 1171 2642 unde
1195 2570 1317 2667 propris

300 2715 345 2764 ao
374 2691 564 2786 peculiaris
595 2694 733 2764 isthaec
762 2695 921 2766 noscitur
949 2693 1173 2788 pyreriurum
1202 2695 1317 2780 indica·

300 2837 381 2886 rum
408 2813 521 2888 forma
546 2839 588 2887 ao
616 2818 745 2899 facies,
771 2843 844 2913 qua
876 2817 1128 2888 discernuntur
1155 2818 1204 2888 ab
1233 2837 1317 2888 euro
1376 2807 1377 2814 ’

300 2939 418 3036 paeis,
440 2953 569 3012 nature
594 2941 680 3012 licet
709 2953 817 3040 atque
840 2966 964 3012 caussa
987 2941 1178 3012 adfinibus.

349 3063 395 3134 In
416 3063 568 3136 birtorid
589 3065 843 3158 epidemierum
874 3040 1237 3145 Minoroae‘insuiae,
1262 3073 1318 3132 trs·
1375 3131 1376 3140 ,

302 3186 379 3260 dita
389 3188 434 3258 ab
445 3190 640 3281 experient
666 3187 1014 3271 GroneCcaorsoart,
1029 3189 1318 3281 docemur,quan·

273 3319 275 3323 ’
301 3325 427 3406 tepere
444 3313 623 3405 graviores
652 3313 814 3408 Europae
836 3307 1075 3383 meridionalis
1094 3307 1318 3382 intermitten-

302 3434 522 3529 tes-tropicis
543 3436 727 3508 accedant.
775 3437 1001 3508 Pericuiosao
1032 3449 1116 3507 sunt
1140 3439 1319 3509 tertionaer'

300 3559 443 3652 intptrit,
476 3560 506 3629 si
527 3560 723 3654 paroxysmi
747 3559 1024 3652 protrahantur,
1058 3574 1122 3656 aut
1157 3564 1319 3655 stipentur

300 3681 448 3766 delirio,
475 3691 637 3762 comate,
663 3683 865 3766 anxietate,
892 3684 1012 3754 dolore
1032 3687 1201 3766 cordiae,
1225 3685 1320 3776 hypo.

302 3804 482 3914 chondriis
497 3806 738 3888 tumentibus,
764 3807 990 3894 dolentibus?
1009 3804 1318 3902 gravissimumdts

303 3930 437 4038 orimcn
453 3944 523 4012 est,
542 3931 605 4000 nbi
622 3953 729 4028 parca
743 3932 910 4026 epistaxis
923 3983 932 4014 ,
946 3933 1113 4006 materies
1131 3946 1208 4002 atra
1227 3946 1319 4020 supra¹

302 4057 365 4126 aut
386 4053 480 4125 inira
498 4056 712 4149 expellatur,
738 4056 845 4126 urina
862 4051 1022 4140 ,foetidm
1047 4069 1131 4136 oute
1154 4053 1316 4138 ssepedine
1372 4159 1373 4168 ἵ
