2872 4870
279 401 336 478 180
604 399 794 466 Fennis
832 393 1006 465 ΜΛΝ.

274 595 404 674 ruber,
426 589 542 663 dolor,
571 583 757 676 aegritudo
779 583 818 650 in
835 585 979 676 regione
999 569 1209 662 ventriculi,
1228 586 1311 678 jae·

274 719 421 796 titatio,
454 709 624 804 agitatio,
654 708 853 800 supinatis,
888 707 1075 800 respiratio
1108 709 1306 789 abnormis,

275 842 399 937 pulsus
415 835 598 930 frequens,
615 831 759 922 plenus,
779 830 907 911 durus,
925 832 1046 926 lingua
1064 833 1217 912 munde,
1241 841 1307 902 eut

274 965 369 1044 alba,
414 959 520 1030 rubra
550 956 596 1026 ad
627 955 740 1023 lutere
780 966 817 1026 et
850 955 1010 1047 apicem,
1049 958 1306 1050 sitis²msgno,

274 1086 458 1166 enorexia,
493 1080 597 1152 eutis·
619 1078 737 1158 sieea,
768 1077 912 1157 ardens,
940 1065 1040 1150 alvus
1071 1082 1218 1160 striots,
1250 1083 1306 1152 in-

272 1211 417 1286 terdum
435 1205 571 1284 fluens,
605 1201 753 1283 biliosa,
777 1203 1023 1296 pervigilium,
1054 1217 1195 1297 stupor,
1217 1207 1306 1276 deli·

273 1335 387 1414 rium,
419 1332 523 1400 urina
555 1328 601 1399 sd
623 1327 898 1420 speeiemsans.
938 1330 1025 1399 ‘llos
1053 1339 1194 1422 tempus
1218 1332 1304 1400 inei·

274 1455 421 1530 tationis
444 1452 607 1549 sequitur
641 1452 812 1530 alterum,
838 1449 1057 1532 debilitatis,
1083 1452 1144 1522 die
1172 1453 1303 1537 altero,

274 1581 404 1659 tertio,
428 1589 576 1673 quarto,
601 1576 706 1669 pulsu
730 1574 865 1655 debili,
897 1574 1010 1644 oeulis
1035 1575 1303 1669 languentibus,

276 1677 434 1777 vomitus
457 1701 576 1794 niger,
611 1701 703 1770 eutis
733 1701 773 1770 in
807 1697 911 1770 rultu
937 1695 1133 1770 flavescens
1148 1730 1161 1782 ,·
1194 1701 1305 1772 l'eeilis

276 1850 449 1924 syncope.
481 1825 610 1915 liugua-
631 1825 746 1904 sicea,
771 1824 895 1903 rubra,
929 1821 1054 1915 nigra,
1075 1825 1195 1906 lusos,
1216 1826 1306 1897 boe·

272 1951 523 2042 merrhagiae,
543 1947 718 2027 isohuria,
747 1949 932 2029 delirium,
947 1969 1058 2022 mors.

318 2078 425 2146 -llaee
456 2081 690 2166 symptomata
717 2095 822 2162 saepe
851 2073 970 2151 seria,
1005 2073 1189 2168 multaque
1207 2075 1307 2146 desi·-

274 2199 465 2270 derentur:
482 2193 557 2287 ipse
579 2195 732 2262 vomitus
741 2195 842 2288 niger
859 2207 897 2265 et
915 2191 1014 2266 eolor
1032 2193 1236 2270 flavescens.
1263 2199 1307 2271 ld

278 2319 562 2394 animadvertens
600 2318 718 2390 Euris
746 2317 825 2388 libr.
859 2318 952 2390 infre
986 2319 1120 2401 citato,
1140 2323 1230 2392 risa
1270 2337 1307 2395 et

278 2455 421 2540 reperta
451 2440 490 2512 in
513 2441 616 2512 esdd.
648 2443 760 2514 tradit
790 2467 867 2539 pag.
880 2444 960 2517 Ι250
983 2469 1058 2540 sqq.
1107 2445 1307 2518 Constanti·

178 2607 181 2614 ·
279 2571 349 2640 bns
368 2567 578 2638 adnumerat
604 2567 753 2660 vestigia
776 2569 988 2659 gastritidis,
1014 2580 1080 2639 aut
1112 2583 1310 2662 gauro-en·

278 2692 455 2766 teretidis.
502 2691 557 2762 lle
578 2690 727 2762 historie
751 2690 860 2762 febris
881 2690 994 2762 flavae
1019 2692 1064 2762 el.
1089 2692 1133 2783 id
1144 2717 1222 2787 pag.
1238 2695 1306 2771 267

279 2843 355 2913 sqq.
399 2815 550 2888 Ceussae
581 2814 759 2886 habentur
789 2829 907 2887 aestus
942 2818 1127 2909 ingentes,
1165 2819 1306 2890 effluvio

276 2941 459 3038 paludosa.

327 3064 477 3158 Propria
502 3082 544 3132 ae
573 3060 859 3138 eharseteristios
891 3063 1040 3134 maxime
1072 3066 1187 3136 morbi
1210 3065 1306 3160 signs

276 3213 356 3264 esse
387 3169 570 3262 feruntur:
604 3187 726 3282 pulsus
750 3188 845 3257 eirea
876 3189 1022 3258 tertium
1046 3203 1110 3262 aut
1140 3201 1305 3285 quartum

276 3313 376 3388 diem
394 3312 529 3387 tardior
547 3309 682 3392 laetus,
709 3312 864 3382 vomitus
873 3311 981 3406 niger
1001 3322 1111 3410 etque
1130 3315 1302 3398 isehuria,

274 3461 372 3535 quse
387 3461 524 3518 summo
545 3435 661 3506 morbi
690 3436 801 3529 gradu
827 3447 998 3506 notentur
1023 3439 1235 3530 eonjunets:
1259 3443 1303 3512 de

277 3563 410 3657 quibus
436 3559 545 3653 signis
568 3559 866 3630 characteristieis
896 3557 958 3628 alii
980 3571 1105 3630 eontra
1126 3560 1302 3632 dubitant.

325 3684 547 3766 Cadaverum
570 3683 723 3753 reclusio
747 3683 786 3753 in
812 3683 889 3753 eliis
914 3684 982 3754 alia
1007 3673 1229 3758 manifestet:
1254 3689 1304 3758 in·

277 3808 489 3890 testinorum
521 3807 744 3901 sphaeelum,
780 3807 889 3902 hepar
917 3820 955 3878 et
986 3795 1142 3902 splenem
1169 3821 1304 3882 tumen

278 3944 373 4012 tem,
398 3932 521 4030 -bilem
553 3931 731 4026 spissam,
748 3942 858 4001 atram
890 3935 927 4002 in
958 3933 1111 4027 eystide,
1137 3945 1203 4004 eut·
1224 3937 1307 4005 riri·

277 4055 383 4138 dem,
416 4065 581 4135 tenuem,
608 4055 761 4129 resisum
792 4059 983 4128 uriueriem
1008 4080 1174 4138 recusus,
1208 4081 1308 4133 renes
