2872 4870
353 385 532 451 SECULUll
563 385 742 449 ottultttttt
772 385 978 452 structuri.
1118 386 1176 454 221

147 537 358 643 eraserunt:
384 571 463 640 aliis
494 567 600 638 simili
622 567 696 638 ritu
723 567 1041 666 decumbentibus,
1065 593 1179 666 popu.

146 697 203 767 lae
230 695 335 764 modo
358 694 526 786 exiguae,
551 690 702 772 rubrae,
726 691 831 764 modo
859 693 952 764 latae
971 715 1014 764 ac
1043 693 1177 768 lividae
1232 751 1235 758 .

147 817 386 918 apparabant3
410 820 450 886 in
475 815 596 886 multis
622 813 785 886 bubones
811 815 868 905 (ut
886 817 925 888 in
944 819 1059 912 peste)
1084 820 1179 890 circa

147 945 302 1034 adencsr
336 965 379 1012 ex
408 940 465 1010 his
499 937 683 1018 nonnulli,
715 940 791 1008 sin'c
808 929 959 1034 fmsgna‘
985 944 1174 1036 spirituum
1310 1023 1317 1044 ¹

146 1069 264 1149 lucta,
287 1076 359 1164 aut
375 1048 669 1134 excandescentia
692 1060 812 1133 febrili
830 1064 869 1134 in
893 1087 1020 1154 cruore
1046 1067 1179 1150 citata,

146 1192 258 1262 tacita
279 1199 317 1260 et
337 1187 529 1280 improviso
554 1184 821 1256 moriebantur:
844 1189 989 1259 interim
1018 1190 1079 1260 alii
1097 1213 1179 1265 mors

145 1312 355 1392 furibundi,
388 1310 508 1406 quoad
538 1307 634 1380 vitae
666 1308 858 1402 participes
893 1310 1040 1383 luerunt
1073 1317 1177 1409 spiri·
1312 1323 1314 1332 ⁴

146 1451 250 1512 tuum
274 1434 481 1507 animalium
507 1430 756 1540 distractiones
790 1431 984 1506 horrendas
1018 1441 1178 1532 perpessi
1231 1481 1234 1488 .
1297 1475 1303 1488 ·

145 1575 241 1636 sunt.
289 1561 342 1634 Ex
367 1559 437 1629 boc
460 1556 583 1628 morbo
613 1557 755 1627 evasuri
781 1558 857 1628 sine
892 1551 976 1630 c'risi
998 1561 1176 1654 ‚tauosbtti

146 1688 233 1778 (nisi
262 1685 391 1758 sudore
413 1681 459 1752 ab
485 1693 561 1750 arte
585 1689 778 1772 provocato
799 1679 906 1750 citius
922 1681 1178 1779 liberarentur)

146 1811 296 1886 cerebro
328 1808 474 1879 demum
504 1825 547 1874 so
578 1824 729 1872 nervoso
751 1821 886 1895 genere*
910 1803 1070 1888 affectis,
1096 1831 1179 1882 cum

143 1957 315 2008 sensuum
333 1941 502 2024 stupore,
528 1919 759 2006 tremoribus,
785 1925 980 2020 vertigiue,
1004 1931 1178 2004 membro-

141 2081 226 2132 rum
255 2054 450 2128 debilitata.
476 2073 519 2122 ac
550 2048 708 2122 motibus
736 2051 973 2132 convulsivis,
1006 2076 1080 2126 uon
1107 2057 1178 2132 nisi

142 2194 229 2282 post
243 2182 387 2274 longum
417 2189 556 2270 tempus
578 2173 849 2248 convalueram
895 2175 1064 2248 Durante
1082 2181 1177 2252 cani-

144 2308 229 2380 cula
246 2306 306 2386 hic
326 2298 470 2372 morbus
488 2320 601 2394 usque
618 2296 769 2370 inie'stus
788 2321 861 2373 nort
877 2299 934 2370 uti
945 2298 1087 2403 lebria,
1112 2307 1178 2378 sed

68 2413 72 2419 ¹
143 2431 246 2504 velut
277 2429 398 2498 mitior
440 2424 550 2519 pestis
585 2423 729 2492 tractari
763 2434 800 2494 et
830 2424 997 2524 remediis
1035 2439 1175 2508 tanturn

144 2548 436 2648 alexipharmacis
454 2547 800 2642 erpuguarilcocpit:
826 2547 1068 2641 phlebotomia
1087 2552 1173 2624 huic

141 2699 258 2772 usque
279 2673 397 2745 letalis
420 2672 557 2742 credita
576 2682 649 2753 est,
675 2670 863 2742 vomitorio
887 2684 925 2744 ct
940 2678 1175 2769 ,purgationes

139 2799 341 2878 interdurn,
366 2797 453 2867 licet
472 2817 546 2866 non
565 2794 617 2864 ita
639 2792 787 2873 crebro,
810 2792 893 2864 usui
914 2793 1080 2889 suerunt3
1104 2825 1172 2895 po-

140 2926 278 2999 tissima
300 2922 427 3012 autem
443 2916 611 2990 medendi
642 2915 734 2988 ratio
750 2916 796 2986 ¹iu
815 2916 1008 2992 alexiteriis
1030 2936 1069 2996 ct
1095 2925 1174 3007 die-

134 3048 285 3146 phoresi
323 3044 534 3139 tempestive
573 3039 798 3136 procuranda
810 3042 1067 3140 „statuebatur
1125 3049 1173 3124 In

139 3175 239 3248 bunc
256 3171 381 3250 linem
406 3177 546 3263 practer
562 3148 780 3238 medicorum
800 3149 1015 3260 praescripta
1032 3170 1170 3263 spbar·
1264 3192 1266 3198 ·

137 3295 332 3392 macopolis
351 3294 487 3390 petita,
516 3291 674 3362 remedia
701 3289 877 3384 quaedam
904 3290 1074 3384 empirica
1095 3295 1175 3364 lau.

134 3407 231 3496 dem‘
248 3443 322 3492 non
350 3417 513 3511 exiguam
543 3429 727 3501 meruer'c;
751 3421 839 3486 tunc
864 3415 1019 3506 primum
1042 3416 1083 3490 iu
1101 3415 1174 3490 bac

136 3546 283 3640 regione
303 3542 420 3637 pulvis
443 3539 643 3614 comitissae
665 3535 782 3610 Cantii
798 3537 918 3630 magui
938 3539 1091 3612 nominis
1113 3565 1174 3614 cs·

137 3693 176 3740 sc
204 3669 357 3760 eoepit:.
373 3667 485 3752 etiam
512 3688 587 3736 non
609 3655 781 3733 ¹minimae
811 3674 919 3732 notae
952 3661 1022 3731 luit
1049 3666 1170 3755 pulvis

136 3793 228 3864 alter
259 3790 416 3860 cineritii
448 3789 594 3870 coloris,
625 3811 732 3884 quem
760 3785 898 3856 subcus
924 3784 1092 3879 quidam,
1126 3793 1165 3862 in

135 3915 207 3988 lssc
226 3913 314 3984 urbe
332 3913 424 3986 forte
443 3913 661 3994 diversatus,
685 3913 779 3982 bono
800 3932 882 4002 oum
902 3929 1068 3980 successu
1087 3913 1166 4005 plu.

131 4040 236 4114 tibus
252 4036 418 4136 exbibuit
436 4017 593 4139 aliisque¹
603 4037 684 4131 ejus
700 4029 1056 4128 usumprobaulibus
1072 4061 1168 4133 mag—
