2812 4864
289 391 350 460 m
396 388 611 460 marcuart
633 389 804 468 saunas,
828 385 1027 468 rmum,
1053 387 1199 464 tatros.

291 585 482 662 mount,
514 595 609 668 quae
636 573 751 668 primo
784 571 1208 667 symptomatum,
1237 581 1321 650 tam

289 698 474 792 organica,
508 696 651 766 tandem
682 697 854 790 genetiuo„
902 697 1170 791 symptomatioi
1204 699 1317 791 opaci·

286 845 370 893 men
398 819 576 893 laudabile
606 822 755 914 protulit
780 821 972 900 Cmunucs,
1010 822 1166 913 organici
1186 823 1316 894 Pruna·

286 965 380 1021 uas,
407 944 578 1037 generisi,
603 957 683 1034 post
701 945 871 1025 Rarnuu,
895 945 1093 1024 lbssmoa,
1117 945 1314 1022 sommus,

289 1091 405 1161 nuper
424 1093 456 1138 v.
479 1069 522 1136 ol.
547 1067 777 1140 Scuoatttant.
849 1093 854 1101 ·

338 1191 423 1263 Tale
445 1181 565 1262 autem
591 1205 764 1288 systema,
790 1189 966 1288 siquidem
991 1201 1140 1264 naturae
1165 1187 1316 1286 judiciis

290 1316 520 1406 respondeat,
544 1338 618 1384 non
642 1315 814 1410 neglectis
833 1314 1034 1386 morborum
1061 1314 1184 1386 formis
1202 1328 1240 1386 et
1262 1337 1319 1386 se·

290 1436 420 1518 dibus,
445 1439 647 1534 genetioum
669 1441 715 1509 sit
741 1448 921 1530 oporteat,
946 1437 1161 1508 evolationis
1181 1438 1316 1509 scilicet

291 1560 494 1654 organicae,
519 1585 612 1656 quae
636 1560 808 1655 generalis
833 1571 889 1632 est
907 1562 1018 1636 totius
1044 1559 1232 1654 organismi
1249 1583 1314 1631 na·

290 1696 392 1754 turae
412 1685 615 1767 character,
639 1695 760 1754 notam
784 1685 823 1756 in
849 1682 966 1757 fronte
992 1707 1126 1778 gerens.

339 1808 581 1902 oppositionis
611 1808 744 1902 polaris
761 1805 808 1884 ad
838 1829 1011 1890 normam,
1035 1810 1183 1880 Bararus
1206 1803 1317 1879 medi·

290 1929 433 2002 labatur
456 1932 760 2003 classificationem
779 1932 1016 2024 galvanicam:
1041 1935 1080 2002 in
1097 1935 1239 2003 morbos
1256 1955 1314 2025 ge·

290 2053 385 2124 neris
406 2077 569 2126 vesorum
588 2066 625 2126 et
641 2055 781 2126 morbos
801 2056 937 2150 generis
959 2078 1160 2164 nervorum.
1209 2055 1313 2130 Hisce

291 2177 464 2250 Krssaaas
487 2179 715 2274 adponendos
743 2203 819 2249 esse
840 2178 979 2250 morbos
1008 2179 1244 2274 vegetationis
1263 2188 1314 2248 at·

290 2326 362 2396 que
388 2302 619 2383 evolationis,
637 2302 849 2395 jurcmerito
876 2303 1070 2396 praecepit:
1117 2303 1214 2398 Quae
1233 2302 1314 2404 qui·

292 2423 375 2496 dem
396 2436 467 2496 tres
487 2401 667 2496 classeam
685 2435 873 2519 systemate
893 2427 1062 2508 naturali,
1087 2426 1157 2498 alio
1177 2426 1314 2519 alioque

289 2547 454 2629 nomine,
478 2547 634 2619 sancitae
665 2570 741 2620 esse
769 2546 946 2620 ridentur.
996 2549 1126 2650 Itaque
1145 2549 1312 2620 habemus
1394 2527 1395 2555 ¹

289 2669 554 2770 paratrophias,
581 2671 655 2744 sive
684 2672 822 2742 morbos
853 2672 1046 2769 plasticos,
1074 2673 1204 2744 vitiata
1231 2694 1310 2766 par-

290 2794 381 2865 tium
406 2795 616 2865 formatione
639 2805 677 2865 et
692 2798 908 2883 nutritione;
933 2795 1171 2874 haematoses,
1197 2817 1310 2889 aegro·

289 2929 389 2989 tante
413 2920 601 3012 sanguine;
627 2931 663 2990 et
679 2943 864 3006 nauroses,
890 2943 1080 2994 nervorum
1096 2943 1227 3014 genere
1242 2920 1308 2989 lae·

177 3114 181 3123 ,
238 3031 239 3034 ¹
289 3066 338 3119 so.
389 3043 447 3114 Ad
481 3044 629 3137 primam
665 3031 809 3128 classem
839 3043 1024 3116 referimus
1058 3042 1121 3114 bas
1154 3043 1307 3137 quinque

291 3167 462 3240 familias:
499 3169 585 3240 vitia
616 3167 801 3262 congenita
836 3167 1095 3274 (dystrophias)
1132 3165 1310 3258 hypertro·
1392 3233 1393 3240 ,

287 3291 407 3385 phias,
433 3293 629 3386 atrophias,
654 3292 945 3388 homoioplasias,
966 3289 1230 3394 heteroplasias.
1254 3287 1309 3361 Ad

288 3415 435 3485 alteram
479 3415 749 3508 quatuordecim
793 3427 1004 3512 sequentes:
1044 3414 1308 3518 congestiones,

284 3537 494 3632 phlogoses,
536 3539 718 3632 pyrexias,
760 3538 1064 3644 haemorrhagias,
1109 3537 1310 3616 catarrhos,

287 3659 492 3739 rheumata,
518 3662 744 3756 erysipelate,
770 3685 953 3766 cyanoses,
980 3633 1168 3742 scrofulas,
1190 3661 1311 3756 phthi·
1390 3743 1391 3758 χ

288 3807 365 3865 ses,
390 3782 655 3880 dysehymoses,
688 3785 880 3880 hydropes,
916 3777 1142 3890 arthritides,
1166 3783 1311 3878 syphili·

287 3907 361 3978 des.
411 3908 468 3978 Ad
500 3905 641 3977 tertiam
669 3907 843 4004 denique,
869 3881 1003 4007 septem
1024 3933 1174 3986 numero
1201 3919 1309 3982 sunt:

286 4029 585 4113 intermittentes,
616 4031 834 4132 neuralgias,
862 4044 1021 4115 comata,
1045 4055 1222 4142 spasmos,
1245 4057 1311 4130 pa·
