2834 4874
362 317 485 382 uoasr
506 289 618 378 orrars
639 317 736 388 rou.
757 353 797 364 -
817 316 1002 382 srrrurrs.
1155 317 1194 384 ra

153 481 307 596 uliquot
321 499 397 568 dios
421 499 651 568 incurrebant
672 498 711 568 in
733 501 905 592 angustiis
928 509 1070 594 proptor
1089 497 1192 572 dolo-

153 649 212 696 res
243 625 282 692 iu
310 621 488 702 brachiis,
524 621 711 703 cruribus,
731 623 904 716 pedibus,
936 647 1018 693 curn
1039 626 1192 718 pustulis

152 747 303 840 mugnis.
356 747 488 818 Omnes
515 745 624 841 periti
643 745 773 818 medici
793 770 872 818 uum
895 746 1108 819 difficultate
1130 774 1192 820 cu·

154 871 296 942 rabant
346 869 422 962 Ego
445 894 525 940 cum
545 868 751 940 flebotomia
772 870 808 938 in
827 869 1007 964 sophena,
1033 874 1192 968 aliquau-

153 997 203 1068 do
224 997 262 1064 iu
283 993 431 1064 basilica
443 992 700 1087 procedebam,
727 1013 807 1064 cum
827 991 1090 1086 digerentibus,
1105 1021 1190 1091 pur·

153 1119 343 1214 gautibus,
379 1118 522 1188 laudem
552 1095 821 1188 inunctionibus
846 1118 886 1188 in
909 1118 997 1190 loeis
1026 1144 1189 1192 necessa·

153 1245 229 1314 riis.
281 1240 465 1313 Durabant
486 1241 650 1334 pustulae
671 1265 777 1334 super
794 1264 979 1336 personam
1007 1255 1189 1340 tamquam

152 1369 331 1463 leprosam
360 1366 569 1437 variolosarn
593 1387 807 1457 perannum
836 1368 977 1460 utplus
1007 1369 1083 1442 sina
1114 1393 1190 1444 ma·

151 1493 281 1566 diois.'’

200 1616 389 1711 Copiosius
412 1635 497 1683 varo
521 1610 710 1705 descripsit
725 1612 862 1684 Puruus
882 1613 1036 1687 Ptucron
1061 1617 1186 1714 Hispa.

152 1765 243 1822 uus,
268 1740 367 1810 huno
392 1739 432 1808 iu
450 1735 605 1806 modum.
652 1758 675 1804 ›>
691 1735 737 1806 In
760 1737 937 1829 principio
954 1737 1187 1830 adparitionis

151 1877 238 1938 sunt
254 1862 419 1957 pustulae
440 1882 572 1954 parvae
589 1859 628 1930 in
642 1871 726 1930 oute
747 1860 914 1930 exteriori
929 1861 1184 1950 membrorum,

151 1989 247 2060 sicut
271 1997 449 2080 punctura
475 2005 626 2064 acuum,
650 1983 901 2076 praooipuein
918 1998 1039 2058 mento
1063 2000 1101 2058 et
1125 1989 1187 2058 ba·

150 2113 234 2186 lano
258 2111 380 2204 virgae
406 2108 561 2178 hominis
583 2118 620 2176 et
644 2107 683 2176 in
704 2108 871 2200 pellicula
900 2111 1028 2182 vulvae
1059 2114 1187 2184 mulie·

149 2238 220 2317 ris,
245 2235 461 2330 quaudoque
478 2234 516 2302 in
540 2242 623 2302 outa
652 2233 779 2324 eapitis
798 2244 835 2302 et
854 2231 1001 2315 frontis,
1025 2237 1184 2329 quandu-

151 2385 224 2454 qua
244 2362 282 2430 iu
301 2358 378 2429 aliis
408 2357 599 2436 membris,
623 2356 800 2426 rarissime
818 2355 856 2424 iu
881 2357 1044 2428 omnibus
1065 2361 1182 2436 simul.

149 2485 282 2558 Postea
303 2482 424 2554 diotae
453 2492 652 2575 puncturae
678 2500 808 2550 acuum
833 2492 1020 2561 crescunt,
1045 2493 1087 2552 ut
1108 2483 1186 2554 leu-

149 2619 205 2678 tes
222 2631 353 2700 parvae
367 2589 405 2676 at
420 2605 652 2698 utplurimum
670 2613 712 2674 ut
730 2602 848 2674 lentes
866 2627 1033 2696 maguae:
1058 2606 1095 2676 in
1117 2609 1183 2677 ali·

148 2730 282 2822 quibus
311 2754 397 2801 vero
430 2727 763 2824 augmentantur'in
794 2729 996 2822 quantitate
1034 2730 1181 2814 karlini,

148 2855 333 2924 multoties
354 2864 396 2925 ut
417 2853 498 2923 vola
519 2873 644 2922 manus
665 2861 703 2922 at
722 2851 882 2944 amplius.
932 2853 1037 2946 Ipsae
1054 2868 1181 2948 pustu-

148 2976 205 3048 lae
227 2975 431 3050 suutvalde
459 2975 574 3045 siooae
596 2998 678 3044 oum
702 2973 915 3068 paucissima
940 2977 1039 3070 puris
1065 2954 1183 3048 burni-

147 3100 262 3172 ditute
292 3110 334 3171 ut
363 3101 403 3171 in
439 3098 623 3192 pluribus3
660 3099 700 3172 iu
731 3099 909 3194 aliquibus
944 3115 1042 3170 vero
1064 3103 1179 3196 major

147 3224 329 3317 quantitas
346 3224 445 3318 puris
467 3234 625 3310 amanat;
650 3223 689 3296 in
710 3223 888 3318 aliquibus
907 3236 1091 3295 remanent
1114 3227 1181 3296 sio-

147 3370 211 3417 oae
229 3359 267 3420 et
293 3347 457 3419 lurlures.
498 3347 649 3418 uernum
668 3347 719 3432 eis
741 3348 881 3418 accedit
898 3347 995 3417 aliud
1013 3349 1180 3426 accidens

147 3471 375 3553 auerriurum,
401 3471 539 3544 scilicet
558 3469 697 3542 dolores
721 3471 942 3554 acutissimi,
965 3473 1180 3565 permaxime

146 3593 185 3663 in
204 3595 300 3666 tibiis
319 3606 357 3665 et
373 3595 539 3668 brachiis.
587 3596 665 3666 Non
687 3610 770 3668 sunt
791 3596 980 3678 continua,
1005 3619 1074 3666 neo
1091 3621 1178 3672 auu·

146 3717 279 3787 tissime
297 3717 509 3812 affligentes,
534 3720 620 3790 lieet
641 3723 832 3798 continuus
854 3731 1035 3790 remaneat
1055 3719 1176 3792 dolor:

147 3838 246 3910 dolor
266 3866 350 3913 roro
371 3855 426 3914 est
444 3844 688 3916 intolerabilis.
736 3843 931 3938 adpetitus
950 3857 1093 3919 nonest
1112 3845 1177 3915 da·

143 3960 324 4048 bilitatus,
348 3991 416 4039 uec
434 3978 642 4062 corruptus:
670 3969 740 4040 imo
760 3969 880 4062 plures
897 3989 1021 4040 eorum
1039 3967 1175 4044 habeut
