2872 4870
269 417 329 480 228
487 409 663 474 SEGULUM
693 407 871 470 DECIMUM
897 407 1098 506 SEBTIMUM.

270 623 352 680 res,
375 619 468 693 quae
494 589 687 689 aliquando
703 590 747 660 ad
770 590 973 662 morborum
998 603 1232 684 symptomata
1251 607 1300 664 at·

266 723 442 796 tentiores
461 730 567 798 suut,
585 741 691 813 quam
710 715 894 788 medentes
916 717 1004 807 ipsi,
1030 741 1072 787 ex
1087 704 1299 809 'hujusmodi

266 869 411 922 snorum
440 841 702 936 aegrotantium
718 840 865 934 querela
885 833 995 910 febris
1012 852 1175 912 naturam
1202 863 1298 936 prae·

265 969 487 1043 nunciabant
504 977 541 1037 et
555 966 714 1036 medicos
732 963 941 1045 monebant,
968 977 1075 1037 cauto
1094 985 1184 1060 opus
1208 989 1301 1054 esse,
1402 943 1403 980 ¹

264 1105 334 1167 n'ec
360 1107 494 1164 temero
527 1060 787 1159 celebrandam·
803 1086 1107 1180 phlebotomiam
1145 1113 1296 1186 quarum

264 1220 373 1292 dictis
404 1241 445 1286 ao
464 1211 785 1310 praesagitionibus
809 1234 889 1281 curu
913 1235 1087 1310 persaepe
1112 1215 1297 1287 medentes
1324 1193 1326 1198 Ι

262 1357 337 1416 nou
376 1339 639 1419 auscultarent,
674 1335 942 1429 apparentibus,
964 1348 1088 1432 postea
1125 1335 1296 1422 maculis,
1403 1319 1404 1362 ³

262 1469 377 1538 multa
408 1464 536 1558 probra
569 1463 614 1532 ab
640 1460 767 1530 iisdem
797 1483 877 1530 cum
899 1462 986 1534 artis
1014 1462 1193 1534 dedecore
1218 1489 1295 1556 per-

262 1591 357 1664 ferre
382 1587 613 1683 cogebantur.
632 1631 639 1648 ·
661 1587 700 1655 Si
722 1573 1120 1692 verosaucium'urdor⁴
1134 1611 1218 1659 cum
1239 1573 1296 1682 ge·
1404 1618 1405 1686 p

260 1711 388 1786 naturu'
417 1713 548 1783 rubore
576 1709 801 1789 accessisset,
836 1708 976 1781 hostem
1002 1696 1294 1784 detectum'ola·

260 1839 427 1918 mebant,
452 1859 522 1906 nee
544 1835 695 1928 amplius
713 1831 962 1904 haesitandum
983 1833 1029 1904 de
1053 1835 1162 1908 febris
1190 1854 1296 1910 netu·

260 1985 321 2044 ra,
341 1962 418 2055 jam
435 1962 474 2031 in
490 1958 657 2030 faucibus
675 1957 909 2050 prodentibus
927 1981 964 2028 se
981 1960 1160 2052 patieutis.
1211 1965 1294 2034 Pro·

257 2087 358 2158 fecto
380 2083 421 2154 in
441 2082 510 2152 hau
533 2075 766 2175 malignarum
788 2080 942 2152 febrium
964 2069 1141 2177 pertinaci
1161 2089 1294 2158 consti.

257 2209 423 2290 tutione,
440 2207 539 2308 'quae
565 2229 629 2298 per
654 2205 849 2275 triennium
880 2207 1029 2290 taeniit,
1054 2211 1204 2282 medicis
1223 2235 1295 2282 non

257 2333 377 2404 minus
393 2351 489 2402 cum
514 2330 886 2422 mulierculis,'quam
913 2351 999 2401 ‘oum
1026 2330 1126 2402 febre
1155 2335 1292 2405 luctan-

258 2445 346 2532 dum
362 2455 465 2536 uiuit,
491 2442 581 2524 adeo
601 2465 644 2524 ut
668 2452 780 2546 (qnod
807 2452 914 2525 fateri
934 2441 1008 2527 non
1032 2457 1163 2549 pudet)
1186 2459 1293 2530 sicuti

256 2580 410 2652 interius
433 2599 625 2672 exponam,
650 2600 795 2648 necesse
815 2573 947 2662 ¹fuerit,
972 2580 1112 2682 illarum
1138 2583 1293 2652 consiliis
1406 2637 1407 2654 ,

252 2697 297 2778 *et
318 2701 465 2776 monitis
491 2723 626 2774 morem
648 2725 789 2794 gerere,
813 2724 887 2773 non
906 2715 979 2774 tam
999 2703 1045 2774 ad
1066 2704 1208 2776 illarum
1229 2707 1292 2776 im·

253 2826 516 2924 pottumtatem
538 2805 807 2928 declinandam,
832 2849 939 2923 quam
959 2826 1057 2922 quod
1080 2851 1207 2900 revera
1235 2827 1292 2901 ax·¹
1332 2913 1335 2922 .

254 2951 455 3047 parientiae
476 2935 596 3022 rerum
617 2949 807 3042 magistrae
829 2961 924 3022 esset
942 2950 1268 3023 obsecundandum.
1307 2985 1311 2992 ·

280 3088 285 3096 '
302 3073 438 3148 Pulsus
452 3077 554 3170 parvi
574 3086 675 3146 erant
686 3054 735 3143 et
753 3074 857 3146 valde
873 3076 1092 3168 compressi,
1119 3099 1189 3146 una
1208 3099 1288 3148 cum

251 3187 382 3294 magna
413 3198 544 3271 virium
569 3197 823 3293 prostratione,
858 3199 981 3291 primis
1007 3198 1115 3280 etiam
1141 3201 1287 3299 diebus,

251 3337 346 3419 aptae
367 3321 493 3395 morbo
523 3317 738 3420 augescente
763 3321 1003 3416 languidiores
1021 3323 1172 3407 fiebant,
1199 3327 1288 3396 adeo

249 3459 305 3519 ut·
321 3458 548 3541 aegrotantes
579 3446 694 3519 veluti
726 3458 867 3518 statuae
899 3446 940 3516 in
970 3431 1127 3520 lectulis·
1142 3445 1286 3520 decum-

249 3569 378 3642 bentes
402 3570 592 3663 jacerent,
631 3571 777 3662 integro
803 3569 878 3640 fare
914 3570 1073 3641 carnium
1097 3583 1148 3644 -et
1176 3577 1285 3644 totius

251 3695 409 3790 corporis
429 3695 559 3765 habitu
582 3676 751 3790 quodque
772 3683 1007 3766 admiratione
1031 3695 1178 3788 dignum
1196 3696 1283 3776 fuit,

248 3820 579 3914 quotquotvhujus
619 3817 729 3889 febris
760 3817 953 3924 violentiae
984 3799 1282 3900 succumbebant,

247 3943 347 4036 pioni
360 3963 417 4012 sac
434 3943 654 4022 enuntianti,
680 3940 794 4014 veluti
813 3942 962 4037 pingues
980 3945 1102 4016 mortis
1123 3945 1283 4037 victimae

251 4065 458 4140 libitinariis
490 4066 744 4155 inurbanum
770 4066 934 4139 tortiores
962 4079 1083 4141 autem
1103 4052 1146 4140 ec
1165 4069 1285 4140 robus·
