2872 4870
267 373 325 436 18t
463 369 1008 432 anamarteton.

268 552 438 645 uarieque
455 557 646 623 nervorum
661 548 899 644 aegrotantis,
925 549 1024 622 baec
1041 573 1127 622 rero
1144 565 1304 647 sympto-

267 687 365 747 mata
382 674 533 746 crinium
561 695 825 766 nervorumque
848 675 1180 746 convalescentium.
1215 745 1218 750 ,

318 799 452 875 Verum
472 797 809 870 lubet-adumbrare
833 799 962 868 leviter
983 795 1139 889 singulae
1164 821 1307 870 merno-

269 935 365 997 ratas
383 921 597 1016 apidemias,
621 919 767 1002 iisdem,
791 945 882 1016 quos
900 919 1151 1000 indicavimus,
1177 934 1307 994 aucto·

266 1047 366 1120 ribus
387 1071 431 1119 ao
452 1043 624 1126 ducibus,
642 1045 869 1116 llurutattno
892 1056 929 1116 at
946 1045 1258 1118 assumamur-10.

315 1170 544 1244 »character
569 1167 771 1238 morborum
792 1168 838 1238 ab
858 1179 1029 1240 autumno
1055 1191 1087 1242 a.
1109 1167 1228 1250 1796,
1254 1174 1306 1240 ita

268 1297 522 1372 Huruuarmus,
546 1303 623 1361 erat
647 1288 836 1363 character
849 1315 1030 1363 nervosus.
1078 1293 1304 1386 symptoma-

265 1430 305 1490 ta
332 1417 521 1513 prodromo
556 1417 631 1484 sire
669 1416 869 1486 communia
904 1424 1028 1485 crantr
1059 1413 1303 1498 lassitudinis,

267 1540 522 1635 aegritudinis,
563 1537 785 1620 carchariae,
827 1535 1129 1642 horripilationis,
1173 1565 1302 1612 auore·

265 1665 346 1748 xia,
381 1665 504 1760 pulsus
535 1663 720 1742 irritatus,
753 1683 896 1732 somnus
929 1660 1117 1748 turbatus;
1150 1665 1230 1735 eive
1256 1665 1303 1734 ad

265 1787 421 1882 speeiem
441 1786 667 1866 catarrbalia,
690 1786 858 1878 gaatriea,
879 1781 1160 1860 inflammatoris.
1197 1789 1303 1864 Exci·

266 1910 417 2005 piabant
440 1932 485 1982 ea
504 1909 649 2002 propria
671 1931 713 1978 aa
734 1907 1020 1980 characteristica
1040 1899 1149 1980 lebria
1167 1935 1300 1983 nervo·

264 2057 324 2118 sae
346 2034 464 2124 rigna:
490 2043 724 2124 symptomata
741 2029 912 2101 videlicet
934 2031 1197 2124 aegrotantium
1217 2057 1300 2106 uer·

263 2177 410 2236 rorum,
435 2175 550 2246 eaque
577 2156 811 2248 repugnantia
839 2155 1101 2250 plurimumque
1128 2158 1229 2237 aeria
1262 2169 1299 2226 et

264 2275 474 2354 mutabilia:
499 2279 622 2369 pulsus
648 2280 785 2358 varius,
800 2278 941 2370 ¹spasuri
965 2281 1125 2364 nutanti,
1149 2281 1298 2352 sudores

263 2400 395 2495 topici,
423 2400 567 2470 ardores
591 2399 755 2492 fugaces,
780 2399 921 2492 linguae
947 2400 1089 2504 siccitas
1110 2403 1188 2474 aine
1214 2404 1293 2484 siti,

263 2522 445 2598 subsultus
467 2521 674 2604 tendinum,
704 2533 892 2606 tremores,
921 2525 1068 2618 apasmi,
1093 2529 1296 2600 convulsio.

262 2671 348 2740 nes,
383 2645 510 2740 capitis
538 2647 699 2728 dolores,
733 2658 915 2740 stupores,
951 2648 1092 2722 aurium
1120 2651 1293 2732 tinnitus,

262 2768 408 2851 deliria,
441 2769 570 2863 apasmi
603 2782 641 2840 et
667 2771 807 2842 dolores
840 2769 1042 2864 pleuritici:
1072 2795 1151 2848 raro
1185 2787 1292 2867 pete*

263 2893 383 2974 abiae,
413 2893 584 2972 miliaria,
613 2904 677 2972 aut
699 2893 911 2980 'vesiculam
935 2907 1100 2977 constane
1124 2897 1292 2989 pulsuum

196 3045 203 3060 ¹
240 3017 356 3094 inter
378 3028 417 3088 et
437 3027 710 3110 symptomatum
729 3016 1019 3091 exacerbatorum
1041 3022 1291 3102 marterterae.

261 3163 415 3238 quorum
445 3139 536 3216 baec
563 3163 606 3210 eo
628 3139 808 3232 graviora,
833 3163 905 3236 quo
930 3141 1081 3216 debilior
1110 3143 1291 3238 palsusct

262 3276 405 3346 eontra,
430 3282 503 3359 quo
520 3262 634 3356 major
657 3261 781 3356 pulsus
801 3275 839 3336 at
862 3265 1002 3359 plenior
1018 3277 1058 3336 et
1074 3265 1223 3350 tortior,
1247 3289 1290 3340 eo
1405 3315 1407 3322 ι

260 3388 376 3463 minor
399 3397 517 3458 aaatus
539 3383 725 3482 morbique
747 3387 940 3462 saevientia
959 3387 1183 3482 significatio.
1208 3391 1289 3470 For-

258 3515 319 3588 rn'a
342 3512 419 3608 jam
450 3507 610 3580 arethica
643 3522 740 3589 erat,
769 3509 845 3602 jan
875 3511 1079 3596 narcotioa,
1114 3525 1290 3586 cornatosa

258 3635 401 3729 haeque
430 3632 555 3705 crebro
576 3634 614 3704 in
634 3634 759 3709 eodem
789 3644 994 3727 aegrotante
1025 3637 1286 3708 eommutubaa·

260 3768 331 3831 tur.
380 3755 487 3848 Quod
513 3779 597 3828 raro
624 3755 710 3837 huic
735 3757 933 3852 epidemiae
965 3759 1145 3852 peculiare
1177 3759 1286 3831 anime

262 3880 516 3966 advertebatur
538 3903 579 3950 ac
608 3881 807 3973 proprium,
842 3891 1073 3974 symptomata
1102 3894 1202 3954 eraut
1231 3901 1284 3950 oa·

262 4003 450 4114 tarrbalia,
470 3987 714 4094 rheumatica:
741 4005 880 4082 dotores
898 4016 1041 4084 artuum
1070 4009 1170 4106 vagi,-
1193 4024 1284 4104 cort·
