2834 4874
321 399 444 460 MORBI
466 398 579 459 oams
601 398 698 459 Novl.
719 433 759 448 —-
779 399 960 463 stralus
1114 399 1153 464 79

123 579 327 654 dominante
350 579 605 650 constitutione
629 573 844 674 proclivitas.
893 580 964 651 Sed
986 581 1043 651 vel
1061 581 1152 656 boec

123 705 239 776 omnia
256 703 286 774 si
304 701 559 785 concedamus,
584 704 669 774 inda
690 715 813 774 tamen
830 703 998 778 nondum«
1018 706 1153 776 intelli·

125 831 237 923 gitur,
273 853 336 900 cur
364 827 433 898 hae
456 840 575 899 aetate
608 838 694 898 nata
716 829 764 899 sit
798 841 899 901 tanta
931 829 1016 900 mali
1040 833 1153 904 saeri-

122 952 199 1024 ties.
248 952 429 1044 Quocirca
442 976 499 1022 res
517 953 638 1046 paullo
664 953 771 1024 altius
789 952 986 1047 repetenda
1008 953 1153 1027 videtur

122 1075 330 1168 etquidem
358 1101 403 1148 ex
428 1078 505 1172 ipse
535 1077 673 1171 generis
701 1075 849 1148 humani
870 1077 945 1152 rita
970 1077 1153 1176 hujusque

122 1199 188 1270 boc
209 1212 371 1294 tempore
390 1201 539 1296 epocha.

168 1322 316 1394 Scilicet
344 1334 416 1394 tam
444 1337 558 1397 morte
584 1325 705 1420 nigra,
739 1349 845 1422 quam
877 1325 1008 1398 cborea
1033 1327 1156 1424 opida:

123 1447 464 1540 micasignificatur,
483 1448 621 1541 generis
637 1450 782 1522 humani
801 1451 912 1522 vitam
924 1475 1013 1525 aero
1033 1453 1154 1524 medio

124 1593 254 1644 norum
279 1571 475 1663 ingressum
508 1595 585 1642 esse
610 1572 765 1644 stadium
797 1574 1013 1647 evolutiouis
1040 1577 1153 1670 inque

122 1719 210 1767 nova
238 1696 375 1768 versari
411 1695 690 1788 metamorphosi
718 1721 783 1779 ea,
817 1720 910 1792 quae
940 1698 978 1768 in
995 1699 1154 1770 -homine

124 1819 262 1912 singulo
291 1817 490 1913 pubertatis
514 1819 664 1912 periodo
684 1820 868 1912 congruit,
892 1822 965 1914 qur
992 1831 1064 1892 tam
1084 1825 1155 1916 spi·

125 1942 242 2026 rmdi,
269 1965 377 2037 quam
399 1940 593 2036 generandi
612 1964 689 2013 sese
709 1941 886 2036 explicant
905 1944 1152 2017 instrumenta.

123 2067 216 2140 Illud
239 2089 264 2136 a
286 2065 448 2161 pluribus
474 2065 645 2138 historiae
665 2066 869 2138 morborum
895 2069 1151 2162 interpretibus

123 2189 388 2263 subindicatum
418 2199 491 2272 est,
526 2191 645 2262 nullus
672 2201 792 2262 tamen
820 2191 965 2272 meiius,
989 2214 1047 2262 me
1072 2194 1152 2284 qui-

122 2315 201 2388 dem
215 2316 361 2412 judice,
380 2315 558 2409 perspexit
573 2315 823 2408 erzuarmo,
840 2316 943 2410 cujus
962 2315 1057 2408 agite
1074 2339 1152 2386 sen·

122 2442 273 2513 tentiam
298 2439 456 2512 breviter
485 2461 709 2534 exponamus.
757 2441 894 2513 Novum
916 2449 1024 2532 atque
1047 2436 1151 2508 inau-

124 2562 260 2645 ditum,
286 2563 338 2634 sic
357 2563 535 2656 disputat,
560 2563 658 2658 quod
678 2563 745 2634 sub
761 2563 869 2634 finem
890 2562 1002 2633 seculi
1020 2559 1152 2632 decimi

124 2689 243 2783 quinti
270 2699 389 2760 natam
412 2689 508 2758 luem
533 2687 719 2780 insignivit
739 2709 965 2781 nequaquam
993 2687 1153 2756 contine-

122 2824 180 2882 mr
194 2793 323 2885 ¹foedis
355 2812 570 2907 quibusdam
599 2822 637 2882 et
660 2811 845 2882 obscoenis
876 2789 1146 2908 affectionibus,

123 2959 247 3008 verum
266 2961 311 3008 ea
329 2938 427 3008 serie
456 2947 729 3032 symptomatum
757 2933 1005 3027 primariorum
1031 2943 1068 3001 et
1099 2955 1153 3000 se·

126 3045 393 3143 cundariornm,
427 3085 498 3155 qua
518 3084 611 3132 nora
638 3057 775 3130 exstitit
802 3056 917 3128 morbi
943 3055 1078 3147 species
1108 3076 1151 3123 ex

125 3185 308 3256 elementis
321 3184 459 3279 pridem
474 3185 645 3278 cognitis,
667 3205 764 3254 nunc
778 3155 921 3251 demum
933 3177 1037 3248 aliter
1057 3199 1150 3248 eom·

101 3309 249 3400 ‚positis
268 3321 376 3403 atque
402 3308 584 3380 ordinatis.
632 3307 749 3400 Igitur
766 3327 809 3375 ea
835 3299 1003 3373 solvenda
1025 3323 1152 3394 quaes·

129 3431 179 3503 tio
194 3446 264 3506 est:
284 3432 416 3530 quibus
430 3431 478 3503 de
496 3429 629 3504 caussis
639 3428 774 3499 iactum
793 3427 858 3508 sit,
884 3437 924 3496 ut
942 3449 1006 3523 per
1022 3446 1151 3496 novam

125 3553 219 3626 iiiam
255 3557 511 3627 elementorum
540 3551 831 3647 compositionem
858 3552 926 3623 iste
955 3547 1152 3622 metasche

126 3683 305 3752 metiemur
324 3681 506 3762 evenerit,
531 3690 595 3752 aut
617 3677 695 3748 aliis
722 3677 863 3758 verbis,
887 3699 960 3772 quo
981 3685 1087 3768 pacto
1109 3695 1153 3744 ex

125 3803 221 3898 lepra
240 3819 324 3876 nata
343 3806 389 3876 sit
411 3804 571 3900 syphilist

117 3961 121 3983 1
186 3929 401 4026 Quicunque
427 3930 498 3999 hoc
528 3925 709 4020 problema
738 3926 874 3997 solvere
906 3923 1024 3994 conati
1053 3931 1156 4000 sunt‚'

128 4065 287 4130 externas
311 4054 519 4150 praesertim
543 4049 784 4132 conditiones,
805 4045 1089 4146 tamquam'data
1111 4054 1154 4132 ¹et,
