2872 4870
275 365 359 428 aar.
483 361 659 426 secutum
690 361 870 424 nectatur
900 351 1102 426 surrruuu.

278 539 532 629 loto-1672,
564 543 700 637 pariter
735 487 1027 617 inflammatoris:
1069 567 1162 641 quae
1197 544 1306 638 igitur

168 698 172 704 ·
277 667 488 740 constitutio
507 665 1047 762 erysipelatoso·inllammatoria
1065 667 1140 742 diei
1165 668 1308 743 haberi-

272 789 493 890 que'posset.

322 915 430 1007 Quod
449 916 479 988 si
496 915 659 990 ordinem
680 925 898 1010 spectemus,
923 939 996 1016 qno
1018 939 1057 988 ra
1081 915 1239 988 inrieem
1256 941 1309 991 saa

262 1051 379 1127 ,eatae
406 1052 489 1126 sunt
516 1039 588 1115 hoe
610 1053 790 1135 tempora,
826 1039 1039 1112 observante
1070 1038 1306 1122 Srnarrnalro.

273 1163 493 1256 epidemiae,
527 1161 811 1236 animadvertere
848 1174 1014 1259 oportetr
1045 1173 1183 1258 pestem
1213 1166 1307 1238 inter

274 1285 393 1359 febres
413 1288 693 1360 intermittentes
715 1285 762 1356 ab
788 1311 861 1358 una
885 1297 987 1382 parte
1013 1299 1052 1358 et
1074 1287 1170 1360 iuter
1191 1287 1306 1360 rario-

273 1412 326 1482 las
345 1436 365 1483 a
385 1425 487 1508 parte
509 1413 620 1484 altera
645 1410 753 1484 luisse
774 1410 1039 1492 intermediam,
1064 1412 1117 1484 ita
1137 1411 1306 1507 quidem,

272 1546 316 1608 ut
338 1548 475 1632 pestem
497 1547 641 1608 secutae
662 1535 733 1606 sint
757 1534 922 1607 variolaa.
1303 1601 1307 1608 .

322 1661 408 1734 Post
420 1660 713 1740 constitutionem
724 1657 958 1754 epidemieam
968 1669 1048 1730 ann.
1061 1655 1307 1741 totta-1673.

168 1775 172 1784 ¹
273 1787 369 1859 eirea
387 1785 531 1858 initium
558 1783 648 1856 tutti
669 1807 701 1856 a.
717 1780 819 1860 1673.
843 1806 936 1855 nova
955 1782 1072 1856 iertur
1094 1773 1308 1859 eonstitntia

273 1911 451 2005 ingressa,
480 1931 592 2003 quaa,
621 1909 652 1980 si
680 1907 799 1979 omnia
824 1905 996 1982 adourate
1022 1909 1307 2004 perpendamus,

273 2035 383 2108 luisse
412 2031 556 2105 ridetur
583 2029 996 2112 rheumatica-nervosa,
1035 2029 1307 2106 refleetentibus

190 2231 192 2235 ,
274 2157 423 2232 cerebro
442 2165 482 2230 at
497 2153 653 2228 medulla
676 2155 813 2250 spinali.
847 2155 964 2250 Hujus
981 2155 1120 2248 generis
1139 2155 1213 2228 init
1236 2160 1306 2253 pri·

274 2307 334 2358 mo
362 2281 470 2354 lebria
496 2277 735 2356 rheumatica,
756 2302 925 2358 nervosa,
959 2289 1025 2348 aut
1047 2278 1079 2350 si
1107 2280 1304 2364 marelitir,

273 2405 406 2502 typhus
423 2400 689 2483 rhenmatieus,
713 2401 877 2496 insignis:
904 2401 1030 2474 dolore
1051 2401 1198 2495 eapitis,
1224 2402 1307 2476 dor.

272 2532 328 2614 ai,
362 2527 617 2606 articulorum,
653 2536 798 2618 stupore
829 2537 867 2596 et
893 2538 1048 2606 comata,
1083 2525 1145 2598 eui
1171 2529 1304 2623 optima

273 2653 510 2728 medebautur
534 2649 761 2730 revellentia,
790 2647 1011 2731 derivantia,
1036 2648 1304 2746 refrigerantia,
1410 2641 1411 2650 ¹

274 2777 388 2852 aeide.
414 2773 617 2848 llilltobant
635 2772 702 2846 sub
724 2773 793 2844 hae
815 2773 1072 2845 eonstitutione
1092 2774 1306 2850 morbilllet

273 2901 428 2976 variolae
452 2899 655 2981 anomalae,
681 2896 842 2992 ejusdem
858 2890 1043 2990 prosapiae
1059 2897 1214 2992 parique,
1233 2921 1306 2970 ma·

273 3027 385 3101 thado
404 3023 598 3104 curandae,
616 3045 686 3094 nee
700 3045 772 3093 oon
786 3032 899 3093 tusses
916 3019 1135 3122 epidemieae
1152 3046 1183 3092 a.
1196 3023 1305 3106 1675,

273 3155 349 3226 aive
374 3150 484 3222 finem
506 3144 756 3219 constitutioni
783 3143 913 3220 huioee
939 3135 1193 3240 imponebant,
1230 3149 1306 3222 siva

273 3272 456 3350 numellis
480 3270 708 3368 sequentium
738 3255 913 3340 annorum
935 3267 1068 3342 morbis
1092 3273 1304 3364 aepulaban-

271 3415 343 3476 tur·
1297 3462 1301 3470 .

221 3597 223 3602 .
278 3575 284 3594 ..
328 3520 481 3598 Interim
503 3494 826 3602 mouendarum,
858 3543 923 3616 par
951 3537 1058 3588 omne
1081 3517 1195 3594 bosea
1218 3533 1305 3596 tem

270 3674 362 3746 pus,
394 3649 563 3722 lionrotm
592 3655 759 3724 auctore,
791 3645 844 3715 ita
874 3643 1021 3736 reliquis
1052 3645 1302 3738 praecelluisse
1351 3641 1356 3648 ’

268 3775 574 3850 intermittentes,
596 3779 639 3840 ut
665 3767 733 3838 has·
757 3779 937 3862 tamquam
959 3766 1141 3864 principes
1165 3769 1304 3842 morbos

271 3896 489 4004 epidemioos
513 3895 711 3970 salutaret:
743 3891 842 3986 quod
869 3902 990 3968 utrum
1007 3965 1010 3972 ,
1027 3892 1112 3968 inde
1141 3904 1304 3988 repetens

272 4023 360 4096 dum
379 4019 442 4103 sit,
465 4018 564 4115 quod
580 4020 767 4120 Monaeses
782 4016 820 4090 in
836 4015 927 4091 urhe
947 4015 1098 4112 antiqua
1111 4017 1306 4112 interpam
