2834 4874
378 409 541 472 SUDOR
584 407 849 471 lNGLICUS.
1095 407 1135 468 99

96 587 269 660 tationem
294 593 438 683 repetit„
489 593 590 663 Hanc
613 589 788 661 theoriam
818 573 1006 658 adstruere·
1024 611 1130 658 cona.

96 726 158 783 tur
180 713 366 807 epidemiis
395 714 533 786 sudoris
574 715 703 808 anglici
730 725 769 782 ct
794 711 895 806 typhi
922 710 1136 804 petcchialis

96 837 330 934 aequalibus,
364 861 556 932 puerorum
588 850 626 909 at
650 861 775 908 senum
808 835 939 906 abillo
967 833 1134 904 immuni·

95 974 172 1033 tate
192 963 377 1058 ipsiusque
400 975 478 1038 tum
498 962 812 1059 symptomatibns,
839 974 915 1034 tum
937 959 1069 1030 caussis
1087 955 1135 1028 ab

97 1095 182 1158 aare
211 1086 360 1160 humido
389 1084 564 1158 nebuloso
594 1097 633 1157 et
661 1087 847 1181 regionum
877 1085 1133 1179 locorumque.

97 1234 193 1305 quaa
213 1211 376 1292 vexavit,
400 1221 550 1292 natura,
576 1210 722 1283 tandem
749 1207 1002 1284 affectionibus
1022 1207 1138 1278 mani·

98 1335 194 1406 festo
223 1332 466 1407 rheumatiois

147 1457 283 1532 Ultimo
313 1457 478 1529 citandus
507 1469 561 1529 est
589 1459 856 1552 Qnrrznartrtm.
881 1458 1002 1553 quiin
1022 1453 1136 1549 ephe·

100 1605 201 1652 mera
226 1578 445 1651 brittannica
476 1583 574 1658 cerni
596 1584 812 1678 metaptosin
841 1581 1023 1674 regnantis
1050 1579 1136 1648 hac·

101 1717 209 1775 tenus
236 1705 502 1774 constitutionis
532 1707 717 1798 leprosae,
752 1705 1016 1775 interveniente
1036 1703 1135 1796 prin·

102 1828 201 1920 cipio
239 1827 408 1921 typhoeo,
454 1827 509 1896 iri¹
530 1829 824 1898 constitutionem
855 1826 1138 1907 rheumaticam‚

101 1951 318 2022 arbitratur:
351 1950 469 2042 ipsum
503 1964 623 2022 autem
662 1951 825 2024 sudorem
863 1949 1040 2045 anglicum
1074 1972 1140 2019 na·

100 2087 193 2146 tura·
215 2097 278 2144 sna
310 2073 402 2144 febri
429 2074 558 2145 miliari
586 2087 774 2170 cognatum
804 2099 880 2146 asse
893 2103 902 2162 3
928 2076 1021 2146 hanc
1054 2098 1142 2146 varo

100 2199 244 2271 febrem
271 2197 430 2268 indicare
465 2199 621 2271 renisum
658 2199 868 2270 arteriasum
894 2199 933 2270 in
965 2197 1140 2270 constitu·

102 2325 243 2394 tionem
277 2321 610 2417 rcnoso-typhosam
638 2325 683 2422 ad
720 2347 870 2418 eamque
901 2322 1037 2394 labrom
1067 2322 1141 2392 mi-

100 2450 230 2517 liarem
251 2447 504 2538 procreandam
534 2447 772 2518 scorbuticam
793 2437 937 2544 quoque
966 2447 1139 2517 constitu·

102 2571 241 2641 tionem
274 2591 372 2639 suam
406 2571 598 2641 contulisse
632 2571 821 2663 symbolam
857 2582 1028 2652 eatenus,
1053 2596 1143 2665 qua·

106 2705 217 2763 tenus
240 2691 335 2766 inter
352 2694 527 2794 leprosam
547 2706 583 2765 et
598 2693 795 2786 ¹typhosam
822 2669 1037 2764 intermedia
1060 2695 1142 2768 fuit.

107 2817 198 2888 Essa
232 2817 342 2910 igitur
372 2818 537 2890 sudorem
573 2818 750 2911 anglicum
785 2816 1027 2888 evolutionem
1057 2844 1144 2913 pro--

106 2961 230 3014 cessus
259 2940 499 3025 rheumatici,
532 2967 595 3037 per
622 2942 757 3014 labrem
789 2940 933 3010 demum
963 2943 1139 3014 miliarcm

45 3049 58 3072 ’
109 3063 374 3136 absolvendam.

161 3187 310 3257 Habetis
325 3190 534 3282 praecipuas
555 3201 740 3258 auctorum
768 3187 986 3260 medicorum
1007 3189 1053 3260 de
1072 3188 1144 3261 heo

109 3309 303 3404 ephemera
332 3313 482 3406 ejusque
511 3311 769 3404 significatione
796 3311 1029 3405 hypotheses:
1054 3337 1144 3412 quas

107 3459 209 3504 nnnc
231 3433 389 3504 breviter
408 3436 458 3504 ita
477 3435 815 3522 commutabimur,
841 3449 998 3534 ut0quae
1023 3450 1151 3509 nostra

109 3557 161 3628 sit
179 3556 224 3626 de
244 3581 287 3626 ea
306 3557 502 3649 Anglornm
518 3558 617 3630 febre
639 3557 714 3634 sive
734 3561 930 3646 sententia,
957 3565 1033 3633 sive
1055 3585 1140 3634 con·

104 3682 276 3777 jactura,
303 3680 526 3772 explicemus.

125 3836 130 3858 2
163 3803 233 3876 Cur
249 3803 382 3896 Angles
398 3805 620 3898 potissimum
641 3809 823 3878 vexaverit
837 3809 929 3879 haec
949 3809 1144 3903 apidcmia3

111 3929 317 4024 quaesitum
343 3940 408 3998 est.
456 3929 532 4001 Alii
562 3932 601 4000 in
628 3932 774 4001 climate
808 3931 983 4024 Angliac,
1018 3936 1079 4007 alii
1108 3937 1147 4006 in

113 4053 313 4147 Anglorum
342 4047 438 4132 sitae
465 4054 635 4144 regimine
664 4053 773 4146 hujus
794 4052 1022 4147 problematis
1050 4060 1146 4128 solu·

926 4175 943 4233 7
957 4187 970 4213 rt
