2900 4874
396 349 556 430 ronse
596 352 848 422 rn1c1nua
884 352 1014 426 usos,
1179 351 1220 434 ιι

190 531 346 610 balineis
373 531 566 625 pensilibus
599 534 741 628 accepit
767 536 971 616 annmns,
1004 555 1049 605 oo
1073 533 1218 606 nominc

189 679 307 749 aquae
327 654 478 748 frigidae
498 655 688 728 effusiones
714 657 943 750 (storchades)
967 655 1177 750 intelligens.

240 779 315 852 Nec
338 779 457 874 dispar
482 779 696 854 amaruan
721 783 855 875 pranis:
886 783 951 876 qui
979 779 1218 876 refrigeranti·

190 899 263 973 hus
289 925 363 974 non
390 913 530 975 tantum
550 906 589 974 in
613 903 773 976 febribus
802 906 1066 978 continentibus
1096 915 1136 979 et
1161 927 1216 976 ar-

189 1024 363 1096 dentibus
391 1038 430 1097 et
457 1025 608 1100 baeticis
633 1051 719 1100 usus
746 1041 801 1100 est
823 1039 861 1100 et
885 1030 1067 1112 tertianis,
1092 1051 1218 1100 rerum

189 1147 234 1222 in
259 1147 346 1241 ipsis
373 1151 577 1243 quartanis,
604 1147 706 1222 siah
736 1150 884 1223 humore
912 1151 1039 1224 bilioso
1070 1151 1219 1224 excitari

142 1268 146 1276 ’
190 1270 404 1352 rideantur,
437 1297 541 1368 aegro
576 1289 705 1348 notura
736 1276 853 1347 calido
880 1288 917 1347 et
943 1276 1060 1358 sicco,
1097 1285 1217 1347 aetate

188 1394 337 1486 rigente
361 1409 398 1470 et
417 1399 568 1492 frigidae
589 1399 727 1494 potioni
758 1412 915 1480 assueto,
940 1411 1004 1472 aut
1030 1400 1061 1470 si
1090 1421 1216 1480 curso,

189 1519 357 1610 vigiliae,
397 1521 564 1603 tristitia,
607 1525 660 1594 ira
697 1535 735 1597 et
772 1525 907 1594 acrium
943 1522 1217 1594 medicamento·

187 1665 274 1712 rum
293 1653 383 1717 usna
410 1647 673 1737 praecesserint.
701 1646 845 1738 'Neque
877 1648 953 1718 seni
982 1647 1135 1718 tertiana
1163 1645 1216 1716 fe·

189 1765 257 1840 bre
280 1766 459 1840 laboranti
486 1768 735 1863 refrigerantia
762 1767 930 1838 exhibere
963 1767 1217 1840 reformidavit.

187 1889 269 1962 -Lib
286 1891 370 1962 XII.
399 1915 473 1984 cap.
486 1892 520 1964 6.
552 1893 663 1987 Cujus
677 1892 739 1964 alii
762 1890 970 1973 familiares,
992 1890 1089 1986 quod
1110 1913 1216 1963 senex

185 2027 309 2095 esset,
331 2013 521 2086 decoctum
537 2017 574 2088 ei
592 2015 717 2090 bibere
744 2016 1009 2110 praecipiebant
1029 2038 1070 2086 ac
1097 2015 1216 2089 omnia

183 2137 252 2208 illa
275 2138 416 2221 facere,
449 2162 541 2234 quae
571 2138 666 2212 falsis
695 2140 857 2212 tertianis
882 2140 1012 2212 idonea
1034 2138 1213 2227 esistunt3

187 2262 339 2356 fereque
378 2263 573 2334 interiisset
611 2287 739 2357 aeger,
773 2265 930 2335 decoctis
966 2287 1009 2336 ex
1043 2261 1213 2358 hyssopo,

185 2389 337 2482 origano
367 2398 406 2457 et
432 2387 575 2480 pulegio
605 2389 790 2468 assumtis,
823 2387 894 2458 nisi
917 2389 997 2483 quis
1022 2385 1141 2460 subito
1171 2411 1215 2458 er

184 2512 355 2606 periculo
367 2511 482 2604 ipsum
505 2512 752 2595 subtraxisset,
772 2512 905 2606 jubens
924 2534 1006 2582 eum
1024 2512 1133 2584 etiem
1150 2534 1214 2604 pc·

188 2659 300 2729 pones
318 2657 496 2709 assumere
517 2647 555 2706 et
582 2638 738 2706 lactucas
763 2648 801 2706 et
827 2636 1017 2729 ptisanam,
1041 2657 1134 2731 quae
1158 2634 1215 2714 ni·
1309 2719 1310 2724 ἵ

182 2759 242 2829 bil
264 2761 442 2832 curiosum
465 2758 573 2831 habet
597 2783 854 2855 operosumqne
879 2782 921 2830 ac
937 2781 1077 2832 omnem
1102 2759 1213 2832 alium

177 2882 344 2962 -viotum,
370 2881 433 2976 qui
451 2882 676 2971 humectaret
693 2907 735 2954 ac
754 2885 1003 2975 refrigeraret,
1027 2883 1124 2952 utin
1145 2894 1216 2952 ter·

180 3001 286 3074 tiana
305 3006 502 3099 exquisita,
526 3031 598 3078 non
622 3008 791 3101 deceptus
817 3017 957 3087 aetate,
980 3005 1078 3100 quod
1106 3028 1213 3075 senex

179 3139 300 3207 esset,
333 3129 396 3198 sed
424 3130 545 3222 potius
576 3142 652 3201 toto
688 3141 976 3223 temperamento.
1031 3128 1214 3200 Habuerat

180 3252 280 3355 onim
294 3253 370 3346 jam
392 3252 437 3326 ab
454 3252 559 3326 initio
578 3255 716 3347 igneam
736 3253 998 3347 intemperiem,
1023 3273 1129 3343 quam
1145 3249 1209 3323 alii

178 3378 444 3472 propemodum
466 3400 586 3450 omnes
613 3388 739 3472 postea
762 3377 808 3446 ad
834 3375 999 3447 amussim
1025 3397 1211 3446 conserva-

183 3500 311 3572 bunt.'’
347 3505 442 3572 llaec
460 3503 520 3598 ille
539 3502 695 3574 referens
718 3499 904 3594 sequentia
922 3497 1083 3572 addidit:
1104 3521 1128 3567 s>
1142 3520 1208 3590 ego

183 3637 304 3696 autem
323 3649 442 3719 neque
472 3628 703 3697 tertianarum
724 3622 890 3697 falsarum
914 3620 1018 3717 (quae
1038 3645 1058 3692 a
1077 3621 1209 3715 pituita

183 3770 260 3818 esse
285 3748 541 3820 credebantur:
572 3749 674 3818 nobis
706 3745 918 3818 catarrhales
947 3745 1021 3816 sive
1045 3769 1210 3817 mucosae
1255 3796 1258 3807 .

178 3871 462 3976 nuncupandae)
488 3873 605 3945 rictus
631 3873 804 3944 rationem
823 3868 863 3940 in
895 3868 1057 3942 omnibus
1081 3881 1124 3942 ut
1148 3893 1209 3939 ve-

178 4017 255 4098 ram
280 4005 319 4068 et
338 3995 464 4070 utilem
486 3996 712 4078 commendo,
738 4015 844 4089 quam
866 3990 1029 4070 Gerenos
1047 3993 1086 4068 in
1106 3993 1205 4067 libris
