2872 4870
421 411 644 472 GENERIS
684 411 891 474 llU'llA'll'l.
1116 413 1175 475 205

124 575 325 662 elemento
344 589 547 684 scorbutico
571 604 608 663 et
632 581 808 663 ele'mer'rto
827 588 1049 663 rheumatica
1068 577 1177 666 ortua

135 715 217 786 'erat
235 716 363 786 ¹sudor
394 718 562 808 anglicus.
610 709 749 787 Pariter
775 717 1036 809 antagonismus
1067 703 1180 788 anim-⁸

138 825 390 909 advertendus
411 850 464 910 est
482 839 575 908 inter
595 841 707 911 cutim
724 851 762 910 ot
777 839 997 910 membranas
1015 855 1176 915 mucosa's'

136 971 301 1058 tumque
322 963 452 1033 orienti
471 963 611 1056 propria
629 974 711 1033 sunt
739 963 987 1034 exanthemata
1005 953 1181 1048 cntanea'.⁵

136 1077 350 1188 occidenti.
346 1090 487 1180 magis
498 1087 640 1182 propria
669 1099 751 1158 sunt
777 1075 1026 1159 exanthemata
1048 1107 1178 1161 muco·-

138 1235 197 1326 sa,
238 1210 347 1304 cuj‘us
377 1213 507 1305 typhus
541 1206 774 1282 abdominalis
792 1210 1023 1282 notissimum
1060 1205 1179 1286 obieri

137 1318 370 1430 maximeque
394 1321 537 1428 vulgare
558 1335 743 1428 exemplar.

137 1459 270 1529 Nec
292 1483 370 1529 raro
386 1461 492 1532 inter
506 1446 646 1530 morbos
670 1444 748 1527 illos
767 1457 981 1550 cpidcmioos
1007 1472 1178 1532 notantur

136 1581 288 1664 critici.
308 1595 351 1654 trt
364 1582 610 1654 deuonnullis
629 1573 782 1652 difficile
795 1573 895 1651 dictu
912 1581 978 1663 sit,
993 1607 1087 1654 num
1105 1606 1180 1656 rua

136 1705 204 1802 'jor
223 1719 307 1801 'pars
331 1709 464 1777 renisui
483 1705 659 1777 debeatur
679 1705 792 1827 vitali,
811 1728 865 1777 un
882 1703 1004 1777 morito
1027 1729 1109 1832 cum
1125 1703 1181 1782 rte-³

127 1835 266 1903 nisum
289 1829 468 1903 excitanti.
558 1821 561 1830 ’

140 1951 398 2028 Praeterea
425 1955 486 2024 alii
515 1949 669 2028 stadium
693 1951 983 2046 prodromum,
1015 1953 1079 2025 'alii
1108 1947 1179 2027 sta-²

139 2075 250 2152 'dium
270 2075 481 2174 eruptionis,
507 2076 568 2145 alii
584 2077 740 2171 denique
759 2079 1007 2148 declinationis
1025 2073 1179 2151 stadium

140 2187 428 2299 repraesentant.
477 2197 537 2271 Ad
564 2193 702 2293 priores·
723 2203 906 2294 pertinent
923 2201 1077 2274 catarrhi
1103 2193 1180 2299 epi*²

145 2326 301 2424 domici,
317 2409 320 2416 ,
335 2327 411 2398 sire
442 2321 661 2418 influenzae,
693 2338 786 2419 qua'e
826 2325 966 2419 saepius
985 2316 1178 2418 'grauiorcl

142 2431 401 2544 epidemias'et
419 2447 645 2542 praesagiunt
657 2457 694 2518 et
709 2446 945 2540 praecedunt.¹
971 2449 1030 2522 nd
1049 2451 1178 2523 alteros

134 2561 288 2656 iebres,
317 2575 392 2644 sire
416 2571 624 2666 pestilentes
651 2574 896 2664 contagiosae,
921 2573 996 2642 sive
1018 2562 1180 2644 miasmat

143 2695 263 2781 ticae,
289 2691 485 2790 typhosae,
506 2693 606 2764 aliae.
655 2694 714 2766 nd
727 2703 923 2820 postremos
940 2695 1180 2824 intermitten-

146 2833 204 2894 tes
226 2833 335 2916 atquc
355 2807 544 2913 profluvia.
605 2811 607 2818 ’

143 2933 346 3040 Quodsi
379 2966 472 3039 quac
497 2942 671 3015 hactenus
706 2939 754 3014 de
779 2940 1069 3037 pandcmiarum,
1103 2941 1181 3015 sese

147 3068 306 3140 invicem
324 3067 636 3163 subsequentium,
662 3064 787 3137 ordine
806 3065 1083 3159 disputavimus,
1107 3081 1180 3137 mc'·

136 3194 262 3263 ²'moria
291 3193 507 3273 recolamus,
522 3203 636 3261 ‘nexu-
654 3188 809 3284 quodam
838 3189 1005 3284 organico
1032 3213 1091 3260 eas
1121 3215 1180 3262 co·

146 3312 297 3386 haerere
318 3315 567 3408 intelligemus.
614 3313 703 3384 Nam
716 3324 759 3383 ut
779 3314 898 3406 leprae
917 3323 955 3382 ot
970 3315 1179 3408 pestisarc·

149 3441 220 3510 tior
248 3450 303 3510 est
326 3435 407 3512 curn
435 3463 563 3534 genere
585 3435 879 3530 lymphaticorum
907 3433 1091 3531 cognatio,
1126 3445 1178 3516 ita

147 3569 193 3634 'ex
214 3564 354 3634 officina
368 3566 486 3658 ‘prima
508 3561 719 3656 prodierunt
743 3583 815 3661 non
831 3572 971 3631 tautum
992 3579 1175 3639 causus-ct

150 3677 338 3782 erysipelas
371 3687 610 3766 Graecorum,
644 3707 768 3756 verum
800 3685 907 3754 etiam
936 3683 1173 3763 Romanorum

151 3809 372 3892 arthritides‚
397 3803 556 3880 lithiascs
582 3811 814 3900 'veterumque
842 3833 1023 3884 neuroses.
1071 3815 1173 3892 Acro

149 3927 267 4005 medio
284 3925 411 4028 pestis,
432 3925 534 4030 lepra
556 3945 594 4003 et
612 3909 799 4026 erysipelas
816 3931 999 4023 pulmones
1015 3938 1170 4030 prehen-

138 4057 299 4140 derunt,
325 4061 494 4141 arterias,
521 4055 707 4152 genitalia:
724 4053 829 4128 *unde
846 4077 953 4129 :mors
975 4060 1093 4154 nigra,
1119 4063 1169 4158 ig-

658 4333 670 4366 Ο
