2834 4874
384 371 583 432 cttottttt
621 367 924 433 Ettnuutcts
1134 371 1171 434 'll

132 577 197 628 rer
227 549 480 644 abstergendos
508 551 674 644 viresque
701 546 928 632 reficiendas,
962 549 1086 628 eadem
1113 577 1183 624 ve«.

135 679 325 750 trementia
342 675 549 749 saltationes
568 673 787 766 redintegrat
811 686 850 745 et
868 674 963 747 lacta
991 689 1175 770 computa.

136 803 242 874 tione
260 801 451 874 duodecim
468 797 543 870 fere
556 796 662 868 horas
673 795 837 893 quotidie
856 797 1032 892 impendit
1051 800 1089 876 iu
1107 799 1175 878 tals

138 926 341 998 tortionibus
362 923 518 996 vicissim
539 921 725 992 institutis.
772 919 821 994 Et
838 922 936 1017 quod
953 922 1083 995 mirum
1100 935 1179 1020 ert,

141 1073 220 1122 non
241 1049 356 1120 solum
376 1069 398 1117 a
414 1043 689 1120 vehementibus
709 1042 809 1116 hisee
830 1044 1059 1120 saltationum
1079 1047 1179 1124 tabo,

142 1172 246 1244 ribus
274 1169 542 1250 lassitudinem,
575 1180 640 1240 aut
663 1166 889 1274 debilitatem
922 1169 1076 1264 aliquam
1105 1196 1180 1244 non

144 1297 310 1368 sentiunt
341 1293 537 1388 patientes,
568 1292 632 1364 sed
656 1293 806 1377 exinde,
830 1305 874 1367 ut
905 1294 1028 1390 ajunt,
1053 1297 1181 1390 agilio-

143 1447 205 1492 res
226 1419 471 1512 fortioresque,
485 1417 655 1490 evadunt.

197 1545 298 1616 Solet
316 1554 503 1638 postquam
533 1551 604 1612 tres
624 1552 687 1612 eut
708 1553 863 1636 quatuor
881 1541 960 1616 dies
982 1545 1034 1616 sio
1053 1545 1182 1618 saltam

146 1669 196 1740 do
216 1677 484 1759 transegerunt,
512 1666 656 1737 morbos
679 1663 802 1736 silere:
828 1669 995 1760 sequenti
1012 1689 1104 1738 anno
1117 1693 1184 1740 eo·

149 1791 251 1873 dem,
279 1814 351 1884 qno
375 1791 559 1883 inceperat
581 1787 700 1881 prius,
727 1799 886 1882 tempore
911 1789 1182 1874 recrudescere,

150 1912 331 2007 undequi
348 1913 506 2008 prompti
523 1937 596 1984 non
616 1921 701 1983 sunt
718 1911 757 1982 in
779 1911 975 1986 avertendo
998 1913 1113 1984 morbi
1130 1916 1185 1986 in-

151 2039 249 2112 sultu
267 2059 332 2129 per
353 2048 541 2108 consuetas
565 2035 730 2117 choreas,
754 2035 849 2130 ipsos
872 2059 1098 2131 paroxysmus
1120 2039 1187 2111 de·

150 2173 301 2254 repente
327 2163 495 2255 ingruens
519 2174 778 2255 praeoccupat,
802 2158 885 2232 ideo
906 2159 1186 2256 ubicunquere.

150 2285 356 2380 pariantur,
391 2285 587 2358 concidunt
616 2285 731 2358 veluti
767 2283 998 2377 apoplectici,
1032 2285 1184 2380 aphani,-

153 2433 237 2482 cum
257 2409 504 2502 denigratione
531 2407 639 2479 faciei
663 2420 702 2482 et
725 2420 962 2480 extremorum
993 2420 1083 2481 caet.
1132 2411 1197 2508 De⁸

152 2535 288 2630 quibus
305 2531 469 2604 omnibus
486 2531 660 2602 admoniti
680 2544 846 2623 parentes
864 2529 985 2602 statim
1002 2535 1188 2624 cytherea·

154 2659 222 2730 dos
240 2665 390 2736 vocant,
414 2665 457 2726 ut
475 2679 579 2727 sonos
596 2653 784 2736 inchoent,
809 2655 940 2750 quibus
959 2655 1092 2728 auditis
1107 2682 1189 2729 sen-

154 2782 223 2856 sim
253 2777 434 2872 resipiscit
461 2778 619 2872 patiens,
642 2779 756 2873 primo
783 2799 931 2859 manns,
955 2801 1036 2850 mox
1053 2780 1188 2874 pedes,

155 2907 245 2980 dein
265 2904 445 2998 reliquum
467 2925 596 2996 corpur
621 2913 757 2987 movet,
783 2900 822 2972 in
843 2901 952 2996 pedes
975 2902 1124 2996 erigitur
1149 2907 1189 2977 et

156 3031 365 3104 saltationes
397 3037 570 3108 consueto
595 3048 692 3096 more
719 3026 881 3098 absolvit.
927 3026 964 3098 Si
991 3039 1191 3121 opportuno

158 3167 321 3248 tempore
339 3175 413 3224 non
434 3150 617 3223 saltaverit
641 3149 858 3246 sudoresque
886 3150 956 3220 hoc
974 3163 1079 3242 pacto
1108 3175 1191 3222 evo-

160 3279 299 3350 caverit
318 3276 474 3370 patiens,
509 3282 586 3345 toto
616 3273 678 3345 illo
706 3297 799 3344 anno
827 3271 1025 3342 miserrime
1056 3273 1193 3346 discru-

161 3403 281 3474 cietur
305 3397 568 3491 inappetentia,
592 3396 710 3466 colore
737 3396 830 3468 cutis
859 3392 1029 3478 icterico,
1052 3397 1194 3468 lassitu-

159 3527 249 3600 dine
281 3521 494 3604 universali,
533 3543 626 3614 quae
664 3518 774 3613 magis
811 3519 993 3615 magisque
1033 3522 1196 3614 ingrave-

161 3660 289 3732 scunt,
313 3648 344 3718 si
361 3646 463 3716 annis
492 3643 726 3741 sequentibus
751 3646 963 3738 nequidem
988 3645 1194 3718 saltaverit:

160 3774 281 3845 donec
307 3770 450 3842 tandem
470 3768 509 3838 in
532 3767 756 3848 cachexiam,
781 3766 977 3862 hydropem
994 3780 1032 3840 et
1054 3770 1195 3842 morbos

160 3893 380 3970 incurabiles
400 3893 567 3964 incidat''

214 4019 314 4094 llaec
342 3993 517 4090 hactenus
548 4015 644 4088 circa
667 4014 913 4090 tarantismum
936 4018 1072 4093 monita
1095 4042 1194 4094 cum·
