2834 4874
415 405 839 476 urstututtlt
1091 405 1148 472 1³⁷

118 595 218 668 tione
247 587 403 688 generali
429 599 683 685 promouetur.
704 609 797 683 quae
822 593 1056 680 symptomata
1084 609 1149 682 per

117 719 230 792 luere
256 712 395 788 tantum
424 725 565 809 tempus
583 721 834 806 perreverentr
860 708 951 784 haee
973 710 1148 806 mbjeoitr

105 841 189 914 'hoe
210 851 285 910 tum
301 837 341 910 in
365 837 444 912 atita
470 835 633 934 liquebat
659 833 836 920 lebribue,
859 844 937 906 tum
957 835 1068 930 magis
1086 860 1149 932 pe·

19 1031 23 1040 ,
116 947 303 1038 o'uliariter
322 961 363 1032 in
383 960 595 1058 dysenteriir
615 983 662 1030 m.
687 959 776 1032 Julii
796 957 843 1036 71
863 969 902 1034 et
919 956 985 1041 72,
1008 960 1048 1030 iu
1064 981 1151 1056 qua·

115 1111 198 1161 rum
217 1086 336 1182 priore
351 1084 544 1158 vehemens
565 1082 754 1178 aegritudo
776 1091 815 1154 et
835 1081 918 1154 bilir
938 1084 1148 1176 aeruginem

115 1232 202 1284 euru
229 1205 418 1302 magnoin
437 1207 660 1280 dienhoeam
678 1204 920 1301 propemitate
942 1206 1010 1281 eub
1035 1209 1150 1280 morbi

117 1335 230 1408 finem
252 1331 423 1404 eontinuo
449 1331 747 1418 observabautnr3
772 1329 811 1402 in
829 1329 1026 1425 posteriore
1046 1331 1149 1404 dolo·
1237 1377 1242 1386 .

109 1439 168 1531 'rie
189 1479 313 1528 senous
330 1456 370 1528 in
386 1456 548 1552 partibor
572 1454 728 1550 eorpoaa
745 1454 974 1537 muaouloeir,
998 1457 1153 1530 artubus

117 1581 272 1654 maxime
301 1578 346 1651 ad
362 1579 663 1652 rheumatioorum
690 1576 767 1650 lere
797 1574 939 1650 dolores
963 1581 1154 1653 eoeedena·
1268 1585 1272 1594 “

118 1705 293 1780 Faucium
308 1703 453 1798 insuper
470 1701 717 1784 inflammatio,
740 1699 862 1771 mitior
878 1709 1016 1782 tamen,
1039 1727 1147 1797 quam
1227 1683 1236 1720 ⁵

118 1829 159 1902 in
181 1826 312 1922 angina
337 1825 601 1898 laborantibus:
626 1824 840 1921 quibusoam
860 1822 893 1896 ei
919 1825 1062 1920 oopulea
1084 1827 1151 1923 dy.

119 1952 298 2026 materiae
331 1948 466 2021 exitum
485 1949 525 2020 in
547 1947 699 2044 ephthar
727 1959 791 2020 aut
816 1969 1068 2044 gmgrauuam,
1093 1951 1150 2024 in·

117 2077 277 2170 telligee,
309 2072 472 2144 morbum
507 2072 636 2146 luieee:
670 2071 872 2169 erysipelate
899 2077 1152 2152 tudertinorum

116 2199 399 2282 ebertramnum,
424 2196 530 2293 quale
559 2197 666 2294 vulgo
688 2195 891 2295 dysenteria
915 2197 1025 2273 luiere
1049 2199 1150 2276 vido·

116 2335 189 2401 tur.
1144 2340 1147 2346 ’

166 2448 228 2522 Sio
247 2445 481 2519 evolvebatur
495 2468 644 2542 roreque
662 2445 862 2542 explicabat
886 2443 1017 2543 (pergit
1036 2447 1149 2546 idem)

118 2573 318 2648 hodiernus
353 2569 539 2645 oheraoter
569 2593 754 2667 precemur
794 2572 1032 2667 dysenterioi‚
1072 2598 1150 2648 non

119 2697 268 2794 quidem
285 2717 350 2790 per
373 2694 519 2765 minema
533 2693 883 2792 quodeunque,'red
900 2719 942 2768 ex
962 2697 1053 2768 serie
1073 2720 1147 2770 me-

119 2819 400 2915 tamorphosium
422 2817 604 2900 vitalium.
628 2841 721 2914 quae
741 2818 818 2914 ipsa
832 2829 977 2892 tautum
1000 2845 1043 2893 er
1062 2843 1151 2894 ero·

118 2946 259 3018 lutioue
287 2941 527 3038 physiologica
561 2954 660 3016 reete
691 2943 843 3037 intelligi
869 2953 997 3038 potest
1041 2943 1148 3038 Quod

117 3080 240 3142 autem
260 3067 463 3160 dysenteria
482 3067 594 3162 magia
614 3091 730 3162 usquo
757 3066 1047 3162 symptometibua
1067 3089 1149 3136 uer·
1178 3161 1180 3166 ,

120 3194 214 3265 roais
236 3191 406 3284 stipetur,
431 3190 521 3261 illud
541 3190 777 3286 proculdubio
806 3213 880 3261 non
906 3215 949 3262 er
981 3211 1149 3285 processu

120 3316 359 3412 erysipeleoeo
376 3313 532 3408 pendet,
556 3314 620 3386 sed
643 3338 686 3384 ex
710 3313 915 3385 evolutione
938 3335 1148 3408 organorum

120 3439 218 3516 vitae
235 3436 397 3510 animalis
418 3461 460 3510 ae
480 3449 564 3534 typo
587 3437 828 3533 physiologieo
852 3439 965 3510 uoatri
986 3439 1076 3512 aevi.
1145 3465 1148 3476 ·

463 3627 794 3712 purusrro.

169 3810 251 3903 Quo
280 3807 423 3880 nomine
449 3805 654 3899 dysenteria
682 3807 728 3878 ab
753 3807 832 3880 aliis
862 3749 1068 3890 catarrhus,
1102 3809 1149 3880 ab

122 3934 201 4005 aliis
221 3933 370 4032 rheuma
391 3929 659 4012 intestinorum,
677 3931 731 4002 ab
754 3932 832 4005 aliia
857 3933 1014 4030 denique
1037 3936 1148 4037 eryei·
1249 3949 1252 3956 “

121 4059 240 4152 polae,
265 4070 329 4132 eut
348 4057 409 4132 wrel
426 4057 542 4142 colitis
558 4056 784 4152 adpellatur?
1149 4051 1151 4057 ⁴
