2834 4874
361 399 551 464 TYPllUS
591 393 953 458 terrueritis
1119 397 1175 462 109

136 601 178 662 et
194 587 300 660 valde
319 583 511 678 puniceae:
536 577 632 672 quod
654 579 683 646 si
706 586 825 646 autem
846 576 979 656 omnia,
1008 588 1070 646 aut
1089 577 1171 670 plu.

136 738 179 782 ra
201 737 247 784 ex
261 710 318 780 his
338 706 583 779 accessissent,
611 701 805 771 certissima
836 699 1050 793 sequebatur
1069 724 1172 774 soors.

134 837 272 908 Evasio
290 857 394 910 vero,
421 829 452 899 si
470 823 645 898 contraria
669 834 733 893 aut
752 823 887 904 omnia,
913 836 976 893 aut
992 825 1095 919 plura
1109 829 1174 900 ed·

131 957 372 1054 paruissent.”

159 1133 163 1140 -
187 1085 286 1152 llaec
300 1091 490 1174 postquam
509 1095 552 1144 ex
575 1073 817 1143 Farcrsrottro
836 1070 1069 1144 adnotaverat
1090 1095 1171 1144 nos·

135 1217 214 1276 tras
235 1207 427 1282 Fortesrus,
451 1196 654 1291 subjunxit,
678 1195 866 1264 lenticulas
884 1194 922 1265 in
944 1195 1041 1268 febre
1062 1198 1187 1290 pesti,

134 1330 230 1400 lenti
251 1353 272 1398 a
297 1353 334 1398 sc
356 1335 532 1420 spectatas
561 1322 674 1390 multo
700 1321 968 1411 periculosiores
994 1320 1103 1392 luisse
1132 1322 1172 1392 il-

133 1455 205 1534 lis,
231 1475 324 1546 quae
344 1462 502 1541 tempore
523 1447 758 1516 Fnacasronrr
778 1442 1020 1536 erumpebant.
1047 1443 1171 1516 Exem-

133 1579 187 1673 pli
212 1577 293 1646 loco
319 1574 365 1644 sit
401 1571 483 1644 Oba.
502 1567 559 1642 35.
586 1567 688 1638 Liar.
709 1566 772 1637 Vl.
798 1567 837 1638 Τ.
859 1567 888 1636 Ι.
917 1567 1069 1660 abipso
1099 1593 1172 1645 mc·

133 1699 273 1772 moriae
307 1697 468 1790 prodita:
512 1717 535 1762 a
559 1693 655 1764 Puer
693 1713 802 1762 annos
841 1701 947 1758 natus
985 1687 1060 1760 iere
1098 1703 1170 1764 trea

133 1851 165 1895 a.
183 1821 295 1897 1573.
319 1843 366 1890 m.
390 1816 591 1913 Septembri
620 1837 701 1884 eum
721 1823 915 1906 perpetuae
944 1811 1085 1903 pluviae
1115 1840 1171 1888 es·

132 1959 217 2020 sent
241 1958 278 2016 et
299 1944 409 2038 pestis
428 1941 563 2033 ubique
594 1947 827 2031 grassaretur,
853 1936 900 2006 ob
920 1935 1070 2019 bellum,
1096 1963 1168 2032 quo

133 2071 397 2164 affligebamur,
423 2086 576 2158 cumque
607 2063 815 2154 pestilentes
844 2059 1019 2152 quaedam
1051 2062 1167 2136 febres

133 2199 213 2268 sine
233 2195 438 2264 charactere
466 2184 596 2258 veneni
620 2182 657 2272 (i.
679 2207 708 2253 e.
731 2183 807 2252 sine
830 2183 988 2274 bubone)
1012 2187 1165 2257 nonnul·

132 2321 189 2390 los
210 2326 445 2409 occuparent:
471 2335 559 2405 puer
577 2310 637 2380 hic
656 2311 694 2378 in
716 2317 816 2400 parte
834 2306 997 2378 orientali
1014 2310 1164 2404 Delphis

134 2452 321 2534 correptus
351 2449 405 2508 est
433 2437 532 2508 lebre
553 2434 629 2511 illa,
656 2453 761 2524 quam
781 2430 842 2500 alii
869 2432 1082 2515 lenticulas,
1106 2437 1163 2506 vel

131 2563 358 2662 puncticulas
385 2571 523 2631 vocant.
582 2559 670 2626 Nam
700 2577 779 2624 cum
813 2555 858 2624 ad
886 2555 983 2624 hune
1011 2579 1162 2648 puerum

132 2693 271 2762 accitus
290 2709 417 2765 essem,
443 2680 696 2759 animadverti,
717 2678 870 2747 eundem
887 2679 1089 2750 acutissime
1110 2682 1164 2753 le·
1272 2757 1274 2762 ,
1406 2755 1407 2760 ,

131 2814 303 2887 briaitare
335 2821 372 2879 et
403 2809 441 2878 in
470 2819 615 2900 pectore
643 2801 863 2896 potissimum
891 2801 1077 2874 lenticulas
1106 2808 1162 2876 ni»

131 2964 211 3034 gras
237 2936 369 3008 habere
398 2955 549 3025 cumque
580 2947 668 3022 puer
698 2925 805 2996 sitirit
837 2947 880 2992 ae
915 2948 1050 2997 vermes
1086 2953 1158 3018 una

130 3064 325 3156 dejiceret,
358 3067 507 3126 mortem
533 3053 703 3147 praedixi.
752 3049 882 3122 Omnes
903 3049 997 3118 enim
1022 3049 1159 3143 (paucis

131 3185 302 3278 exeeptis)
329 3178 598 3274 qui'ejusmodi
616 3171 804 3248 lenticulas
834 3169 950 3262 nigras
976 3170 1158 3250 habebant

129 3311 236 3405 paulo
256 3317 338 3376 ante
369 3314 536 3381 mortem,
560 3324 633 3372 non
660 3293 869 3368 eredebant.
893 3332 940 3350 -
963 3293 1050 3364 Cum
1071 3321 1157 3376 vero
1290 3353 1292 3361 Α

129 3436 293 3528 stigmata
310 3429 436 3500 latiora
453 3436 571 3530 essent
588 3433 625 3494 et
642 3418 851 3490 rubedinem
869 3415 1057 3500 haberent,
1082 3443 1155 3490 me.

129 3558 199 3627 lius
219 3553 450 3626 evadebant?
480 3550 538 3623 Uti
555 3543 760 3642 petechias,
785 3543 836 3611 ita
865 3564 1007 3636 quoque
1027 3543 1154 3637 typho.

129 3681 282 3750 maniam
306 3678 344 3747 in
370 3675 447 3745 istis
471 3673 631 3745 febribus
656 3663 906 3761 pestilentibus
935 3666 1154 3738 animadver-

128 3807 197 3885 tit,
231 3825 348 3896 neque
383 3820 518 3890 semper
547 3793 663 3864 omine
686 3789 834 3867 lethali,
856 3789 1153 3879 quemadmodum

128 3929 234 3998 dccet
256 3925 337 3997 ots.
359 3921 416 3996 38.
443 3919 579 4012 Quodsi
607 3915 697 3986 male
726 3921 957 3992 curarentur,
984 3914 1014 3984 si
1039 3919 1151 3989 sectio

126 4077 237 4124 aenae
258 4049 381 4129 fieret,
411 4059 530 4116 omnes
556 4039 629 4112 lere
654 4033 905 4108 moriebantur.
