2900 4874
326 417 368 486 2¹2
632 416 1051 483 ERYSIPnLra

378 599 504 672 Posset
528 600 636 668 etiam
663 598 807 691 quaeri,
831 609 952 670 utrum
978 621 1059 670 cum
1080 599 1272 696 hydropica
1294 625 1350 674 ca·

331 723 457 796 ehexia
489 699 598 792 luerit
639 723 833 815 conjuncta
868 723 985 816 lepra,
1020 733 1061 794 ut
1093 723 1132 794 in
1161 725 1239 796 aliis
1272 749 1350 798 oum

231 855 233 862 '
333 846 537 925 soorbutica
559 845 666 917 luisse
687 844 841 918 dicitur:
867 869 912 916 an
938 846 1057 938 leprae
1074 849 1265 941 quaedam,
1288 861 1350 922 aut

333 969 585 1066 elephantiasis
607 993 688 1041 eum
716 969 950 1042 turberculosi
971 971 1144 1064 cognatio.
1192 970 1252 1047 An
1272 997 1350 1044 cum

330 1098 450 1170 scabie
474 1093 568 1185 (buo
597 1093 758 1164 morbum
783 1093 890 1166 nrorr
918 1092 1052 1163 referre
1081 1093 1221 1166 ridetur
1245 1097 1354 1171 Hars-

330 1226 412 1313 ιη)
445 1245 491 1291 an
512 1241 593 1290 oum
613 1215 801 1287 arthritide
826 1225 864 1285 et
885 1215 1070 1308 podagra?
1106 1215 1107 1220 ’

391 1342 660 1438 Elephantiasin
705 1336 921 1412 Graecorum
960 1339 1224 1434 descripserunt
1261 1340 1351 1414 Ans.

329 1491 441 1543 aruns
458 1478 496 1540 et
516 1465 754 1538 Ancflronrms.
788 1461 891 1534 Illius
911 1463 1104 1557 descriptio
1124 1466 1263 1536 notior:
1287 1467 1349 1538 hu·

325 1593 389 1688 jus
410 1588 612 1662 adcuratior
629 1589 814 1662 Hcrsmro
830 1583 993 1658 habetur.
1041 1588 1088 1658 Et
1106 1613 1189 1659 sane
1208 1591 1240 1659 si
1262 1591 1351 1662 Ann-

326 1736 415 1787 rasr
438 1714 620 1784 historiam
648 1713 821 1805 legamus,
855 1707 1098 1798 dubitabimus
1130 1720 1349 1808 nequaqnam

323 1839 417 1910 -buic
446 1837 524 1907 riro
561 1834 752 1906 adsentiris
789 1833 992 1908 Auamma
1030 1833 1135 1904 nimis
1167 1836 1350 1908 indulsisse

269 1966 271 1972 '
323 1960 482 2058 politicis
505 1956 803 2050 descriptionibus
827 1970 865 2028 et
888 1958 1229 2050 comparationibus,
1264 1984 1349 2056 quae

330 2085 548 2159 Graecorum
567 2104 609 2172 cx
631 2079 716 2150 Aria
745 2080 923 2150 scribendi
944 2083 1036 2151 ratio
1060 2093 1124 2153 est.
1173 2084 1219 2154 In
1244 2085 1349 2158 erno

324 2219 453 2280 contra
475 2205 578 2276 obest
595 2203 744 2274 nimium
762 2202 951 2274 latinitatis
975 2183 1142 2276 studium.
1191 2208 1252 2278 Sic
1279 2209 1349 2278 dic·

327 2332 379 2403 tio
411 2329 552 2422 elegans
579 2336 645 2399 aut
673 2337 796 2398 oruata
820 2327 858 2398 in
885 2330 1038 2402 classicis
1065 2329 1204 2423 saepius
1227 2331 1347 2426 pulcro

326 2454 436 2548 magis
455 2451 572 2531 leret,
596 2472 703 2544 quam
725 2473 821 2521 vero.

375 2579 594 2650 Aacfflsnrus
621 2573 767 2666 simplex
789 2574 980 2669 descriptio
1006 2575 1096 2646 baec
1124 2589 1197 2648 est:
1233 2601 1257 2648 o
1271 2601 1347 2648 con·

319 2702 488 2798 sequitur
504 2723 581 2780 eos,
606 2698 669 2792 qui
697 2694 838 2772 obnoxii
865 2698 980 2774 futuri
1002 2699 1097 2772 malo
1124 2710 1208 2774 suut
1238 2702 1346 2793 segni-

324 2830 413 2908 ties,
451 2821 597 2918 spiratio
636 2821 758 2904 tarda,
796 2822 952 2916 spirandi
988 2821 1200 2905 difficultas,
1234 2835 1347 2894 motus

318 2950 499 3028 difficilis,
524 2943 674 3018 adsidua
702 2946 907 3017 constrictio
937 2944 1027 3027 alvi,
1061 2946 1262 3029 urinarum,
1288 2971 1345 3018 ve·

321 3075 393 3146 luti
423 3083 507 3143 sunt
536 3071 781 3164 jumentorum
810 3069 918 3152 lotia,
952 3069 1127 3152 exoretim
1161 3069 1343 3164 respiratio

317 3199 439 3292 gravis
463 3206 500 3266 et
526 3193 679 3274 foetida,
702 3203 825 3264 ructus
842 3193 1023 3277 continui,
1048 3193 1133 3287 ipsis
1164 3205 1344 3287 aegrotan-

309 3323 421 3394 tibus
447 3317 605 3399 molesti,
640 3317 819 3412 appetitus
850 3339 923 3386 non
951 3316 1071 3388 obtusi
1094 3315 1257 3412 quidem,
1281 3342 1343 3388 ne·

323 3470 395 3541 que
412 3439 638 3523 inflammati,
664 3441 817 3533 impetus
833 3439 873 3508 in
887 3463 1052 3510 venerem
1070 3441 1242 3514 intensus.
1266 3442 1341 3514 Jam

311 3582 407 3642 ‘vero
422 3566 486 3638 ubi
495 3563 548 3634 ad
567 3564 677 3634 cutim
696 3585 898 3656 progressus
920 3563 1031 3636 luerit
1049 3564 1205 3645 morbus,
1231 3567 1340 3634 malae

312 3695 474 3787 ‘primum
505 3687 688 3759 crassiores
722 3686 816 3758 fiunt
846 3699 884 3759 et
911 3701 1070 3760 mentum
1082 3718 1091 3776 ;
1123 3688 1253 3758 deinde
1286 3713 1341 3758 ru-

319 3817 489 3896 bescunt,
521 3834 593 3881 non
620 3807 764 3892 florido,
801 3811 864 3882 sed
884 3811 995 3884 livido
1017 3812 1156 3883 rubore.
1204 3810 1251 3882 Et
1276 3810 1340 3880 sub

314 3941 437 4032 lingna
457 3935 608 4008 venulae
627 3933 805 4006 varicosos
824 3932 917 4005 liunt
935 3958 977 4006 ac
998 3936 1221 4028 nigrescunt:
1245 3933 1339 4030 quod

318 4065 456 4156 signum
478 4070 550 4139 est,
583 4059 692 4129 etiam
717 4061 850 4130 viscera
874 4060 950 4151 ipsa
973 4057 1078 4128 simili
1105 4058 1143 4128 in
1169 4059 1338 4134 constitu.
