2834 4874
288 429 366 504 Ι100
587 429 747 490 subott
789 429 1055 491 tacereve.

307 611 442 681 tionem
482 606 551 678 sibi
580 607 767 681 visisunt
801 609 1001 681 invenisse:
1033 632 1151 705 neque
1188 611 1336 693 dubito,

303 733 393 829 quin
419 754 545 825 magna
575 731 702 803 harum
728 711 968 827 potentiarum
998 730 1037 806 iu
1059 731 1273 826 epidemiaru
1295 737 1337 804 il·

302 858 374 928 lam
406 853 642 950 generandam
663 857 772 928 luerit
793 857 995 927 efficacitas.
1045 855 1178 928 Verum
1202 861 1334 952 pariter

302 981 520 1076 peculiarem
541 981 657 1072 gentis
674 981 784 1075 hujus
805 992 970 1051 naturam
987 982 1217 1074 spectandam
1241 1007 1332 1070 esse,

302 1102 471 1200 equidem
487 1126 639 1186 censeo,
664 1129 737 1198 qua
760 1105 893 1174 lactum
915 1116 993 1184 est,
1017 1115 1060 1174 ut
1079 1127 1139 1174 eor
1161 1115 1200 1174 et
1221 1129 1330 1198 genus

299 1227 509 1300 arteriarum
540 1239 579 1299 et
607 1240 759 1322 systema
788 1229 978 1300 motorium
1010 1228 1218 1322 praesertim
1250 1253 1329 1300 eon·

298 1351 494 1425 stitutionis
520 1350 593 1423 rim
625 1353 837 1445 reciperent.
888 1353 980 1423 Sunt
1009 1352 1105 1422 enim
1136 1351 1264 1447 Angli,
1290 1366 1328 1422 ut

297 1476 448 1550 Romani
479 1486 635 1556 veteres,
663 1475 707 1546 ad
735 1474 910 1569 agendum
933 1474 1028 1557 nati,
1052 1475 1196 1570 ingenio
1229 1499 1328 1572 prac-

297 1601 371 1671 tico
391 1597 605 1670 excellentes
625 1621 842 1694 corporeque
863 1597 909 1670 ad
927 1596 997 1668 hoc
1021 1599 1203 1690 ingenium
1229 1625 1325 1694 praa·

245 1771 249 1777 ,
293 1711 406 1795 ticum
426 1723 656 1794 conformato.
706 1721 883 1815 Quocirca
905 1721 962 1792 uti
983 1721 1097 1792 morbi
1127 1725 1326 1803 arthritici,

294 1852 439 1944 vigente
477 1846 670 1940 plurimum
706 1845 782 1918 rita
819 1845 986 1939 plastica,
1023 1847 1116 1916 iuter
1150 1849 1325 1920 Romanos

294 1974 445 2044 maxime
475 1991 682 2041 communes
714 1968 878 2048 fuerunt,
910 1969 963 2038 ita
997 1981 1186 2063 postquam
1218 1971 1325 2064 magis

295 2117 372 2166 sese
405 2091 623 2185 explicuerat
650 2093 726 2162 rita
755 2090 933 2174 animalis,
967 2091 1221 2164 arthritidibus
1247 2115 1323 2163 sue·

294 2228 478 2288 cesserunt
509 2201 696 2286 rheumata
721 2227 830 2311 atque
859 2215 1072 2308 dyscrasiam
1101 2215 1320 2292 arthriticam

293 2339 434 2433 excepit
451 2333 623 2408 diathesis
641 2338 878 2420 rheumatica,
904 2340 1071 2435 adquam
1086 2340 1318 2410 mutationem

290 2461 526 2557 praeludebat
543 2462 733 2556 ephemera
750 2463 947 2544 sudatoria,
973 2463 1010 2533 in
1026 2487 1098 2558 qua
1115 2475 1316 2534 nascentem

292 2589 470 2657 cernimus
508 2585 801 2656 constitutionem
842 2587 1043 2658 morborum
1081 2587 1317 2658 communium

290 2709 558 2780 rheumaticam.
606 2709 740 2802 Nempe
765 2709 803 2778 in
830 2709 1067 2780 scorhuticam
1084 2710 1315 2802 dyscrasiam‚

289 2833 529 2904 recentiorum
549 2844 747 2924 temporum
766 2831 880 2914 illam,
900 2857 992 2926 quae
1011 2846 1209 2926 temporum
1229 2833 1314 2903 anti-

289 2979 439 3052 quorum
457 2947 668 3049 dyscrasiam
688 2957 861 3049 leprosam
880 2968 1004 3027 secuta
1023 2957 1181 3040 videtur,
1207 2979 1312 3053 quum

287 3082 529 3152 reniterentur
551 3103 611 3150 cor
628 3090 665 3148 et
676 3101 786 3172 genus
806 3081 1015 3151 arteriarum
1028 3093 1065 3151 et
1083 3095 1234 3174 systema
1244 3103 1313 3150 mo·
1356 3067 1366 3088 ’

285 3205 437 3285 lorium,
462 3227 547 3274 ecce
562 3215 626 3274 aut
646 3201 855 3284 reactionis,
879 3216 960 3286 aut,
986 3205 1015 3274 si
1038 3206 1229 3287 mavelitis,
1254 3227 1308 3273 rc·
1399 3241 1400 3252 κ

283 3329 462 3400 flectionis
492 3328 600 3418 modo
627 3337 747 3398 exorta
775 3339 831 3397 est
858 3328 1047 3422 ephemera
1075 3329 1307 3406 brittannica,

283 3453 448 3526 sudorem
472 3451 649 3544 anglicum
670 3461 816 3531 vocant,
841 3476 913 3544 qua
929 3449 1112 3523 character
1128 3452 1190 3524 ille
1206 3453 1305 3526 rheu·

281 3577 433 3648 maticus
461 3595 646 3668 expressus
671 3585 746 3653 est,
770 3572 834 3667 qui
863 3573 993 3646 deinde
1020 3577 1058 3646 iu
1087 3595 1304 3648 communem

283 3700 524 3770 characterem
549 3698 791 3789 nosologicum
817 3695 916 3771 abiit.
965 3700 1126 3795 Ideoque
1143 3700 1211 3771 hoo
1229 3719 1301 3768 sen·

281 3847 324 3893 su
360 3823 550 3916 ephemera
579 3819 771 3888 brittaniae
803 3823 979 3913 epidemia
1013 3825 1088 3897 sire
1119 3819 1300 3920 pandemia

279 3945 502 4018 rheumatica
522 3943 721 4035 nuncupari
742 3955 871 4035 posset.

338 4067 515 4161 Quoniam
531 4059 626 4139 ‘vero
657 4066 840 4141 character
865 4071 925 4143 ille
953 4073 1173 4168 nosclogieus
1200 4070 1299 4142 rheu·
