2834 4874
395 383 865 448 tnrnnulrrtttrtte
1086 389 1140 452 151

106 579 333 665 quantopere
369 575 458 638 tunc
485 566 666 660 viguerint
693 565 812 638 febres
840 563 922 636 iliae
959 589 1138 664 quamque

108 693 214 786 longe
236 691 382 783 lateque
401 690 686 772 dominarerint,
710 687 900 760 manifesto
919 687 1075 784 adparet.

155 813 278 886 Nolite
304 823 447 906 putare,
473 817 512 884 in
536 812 666 907 Anglia
684 813 857 885 duntaxat
881 813 1048 886 saeviisse
1074 814 1151 886 hoe

110 948 275 1028 ternpore
294 935 572 1006 intermittentes
591 938 817 1028 perniciosas.
865 940 954 1010 Nam
973 935 1146 1012 Anrnous.

111 1060 297 1132 Bonsnnus
320 1061 375 1131 vir
393 1057 504 1128 celeb.
529 1058 568 1126 in
584 1060 686 1152 epist
711 1059 757 1128 sd
779 1061 894 1130 Mane.
915 1062 1147 1136 Mememou
1280 1091 1283 1100 ⁴

112 1185 198 1256 data
232 1193 408 1254 memorat
437 1183 577 1252 morbos
606 1181 822 1275 epidemicos
858 1206 890 1254 a.
919 1181 1022 1258 1661.
1057 1185 1154 1258 Pisis
1211 1155 1214 1162 Ι

116 1315 336 1402 grassantes:
362 1303 426 1399 qui
451 1301 516 1390 (sic
544 1303 681 1399 scribit)
707 1308 941 1382 communiter
970 1307 1151 1402 incipiunt

116 1432 296 1503 habentes
315 1427 464 1523 typhum
490 1425 643 1498 febrium
665 1434 899 1500 tertianarum
918 1431 1151 1526 simplicium,

118 1577 200 1626 curn
220 1552 353 1647 capitis
374 1550 601 1644 stupiditate,
626 1547 748 1624 delore
762 1552 952 1636 stomachi,
974 1556 1044 1626 oris
1058 1573 1156 1628 arne·

118 1677 302 1764 situdine3
328 1673 367 1744 in
385 1675 536 1766 septimo
557 1673 667 1746 tehrts
683 1698 757 1748 non
774 1676 1001 1759 intermittit,
1025 1681 1065 1750 in
1086 1703 1153 1751 un·

119 1799 264 1890 decimo
286 1797 330 1868 fit
346 1797 498 1890 maligna
518 1798 704 1893 atquibus
723 1796 794 1869 alvi
816 1795 910 1870 fluor
932 1821 1006 1870 non
1028 1823 1155 1873 succe-

121 1923 195 2006 dit,
221 1933 307 1994 ante
325 1921 384 1993 rel
403 1932 484 2014 post
501 1919 681 1994 decimum
700 1929 868 2014 quartum
887 1921 984 1993 diem
999 1926 1157 1998 moriun-

124 2051 215 2124 tnr.”
244 2047 337 2141 Opp.
363 2042 481 2139 Matp.
505 2041 631 2114 Pestis.
661 2069 708 2114 m.
735 2065 812 2139 pag.
837 2045 908 2118 1011
928 2069 980 2142 sq.

171 2173 299 2266 Neque
317 2169 356 2238 in
372 2167 488 2262 patria
506 2177 627 2236 nostra
643 2166 839 2262 defuerunt
857 2170 971 2240 morbi
993 2173 1159 2244 consimi-¹

125 2295 187 2365 les.
247 2294 364 2368 Testis
402 2291 449 2360 sit
483 2289 591 2360 febris
626 2289 825 2386 epidemi'a,
862 2293 974 2388 Lugd.
1009 2297 1156 2382 Buten,

127 2417 330 2492 ann1667.
355 2414 475 2510 plures
494 2412 682 2508 adfligens,
702 2431 809 2508 quern
829 2415 984 2499 febrem,
1004 2419 1163 2496 referen-¹

130 2555 166 2614 te
191 2545 270 2614 viro
300 2542 342 2611 c'l.
378 2541 576 2610 Sauone
600 2559 643 2608 na
667 2539 742 2609 Boe
768 2540 862 2636 Opp.
886 2565 963 2636 pag.
984 2539 1073 2626 794,
1106 2548 1160 2618 in.

130 2669 389 2737 terminantem
415 2663 524 2733 fuisse
546 2671 584 2732 et
607 2662 753 2754 quidem
785 2663 974 2736 tertianam
1000 2667 1039 2738 in
1064 2672 1159 2763 prin-

131 2789 442 2884 cipio‘simplicem
461 2807 503 2855 sc
523 2806 603 2853 mox
622 2785 817 2876 duplicem,
842 2799 944 2880 patet
962 2814 982 2859 a
1000 2813 1162 2888 paroxys-

133 2916 199 2984 mis
230 2913 376 2984 alternis
403 2907 530 2981 diebus
567 2906 844 2978 recurrentibus.
899 2911 1010 2985 Erunt
1041 2921 1161 2990 autem
1212 2995 1214 2998 ,

136 3042 368 3132 symptomata
384 3033 493 3127 bajus
507 3029 616 3103 febris
630 3031 831 3126 sequentia:
858 3034 1054 3108 anxietates
1068 3063 1167 3109 sums·

136 3171 214 3233 tuae
242 3171 354 3256 etque
373 3157 511 3228 dolores
545 3155 639 3224 cirea
661 3157 890 3251 praecordia,
924 3179 1074 3242 nausea,
1100 3171 1167 3233 γοα·

138 3283 258 3354 mendi
286 3292 433 3354 conatus
461 3279 570 3373 inque
593 3302 666 3348 non
687 3279 811 3373 paucis
831 3281 985 3353 vomitus
1010 3283 1170 3376 primuni

140 3409 314 3500 pituitae,
336 3405 421 3474 binc
443 3411 481 3474 et
498 3403 591 3475 bilis.
615 3405 685 3475 Per
703 3427 927 3498 paroxysmos
943 3405 1164 3480 excitabatur

138 3529 176 3600 'en
195 3532 372 3627 plerisque
396 3527 549 3621 primurn
570 3526 681 3620 irigus
706 3529 745 3597 in
772 3527 878 3598 retiis
907 3532 1062 3623 corporis
1084 3535 1170 3626 pur-²

142 3655 257 3736 tibus,
282 3650 473 3746 aliquando
492 3652 582 3742 sine,
609 3651 800 3746 aliquando
821 3673 901 3722 cum
921 3665 1072 3726 tremore
1091 3679 1170 3731 eor.
1245 3741 1249 3748 Ι

144 3781 308 3872 purisque
330 3777 488 3846 universi
510 3777 759 3860 concussione;
784 3774 998 3848 succedente
1014 3792 1171 3873 postmo-

145 3901 230 3972 dum
245 3903 359 3972 calore
379 3921 493 3995 eoque
512 3899 671 3981 diverso,
692 3922 787 3968 nunc
801 3897 957 3980 leviore,
980 3925 1077 3973 nunc
1095 3929 1171 3998 gra.

147 4027 268 4118 aiore,
292 4027 367 4100 sire
394 4036 519 4118 sponte
540 4031 757 4117 sequeretur
787 4019 894 4092 sudor
926 4021 1073 4120 aliquis,
1099 4029 1174 4099 sive¹
