2834 4874
290 416 329 482 68
544 417 743 478 CHOREA
781 415 1081 480 cribrator.

291 593 454 672 omnibus
479 607 637 676 constat,
662 595 923 668 celeberrimus.
973 597 1041 668 Ille
1072 597 1182 689 igitur
1205 597 1327 670 tribus

289 722 328 791 in
346 721 460 814 aegris
479 743 561 791 rure
582 719 732 792 Lucium
752 719 931 802 advectis,
952 743 1026 790 non
1045 720 1167 792 multis
1185 720 1326 792 abhinc

287 845 408 926 annis,
431 844 651 926 observavit,
675 843 874 937 quodcum
897 844 985 915 tales
1007 845 1143 937 aegroti
1163 844 1323 938 maligne

283 969 384 1043 febre
405 993 448 1040 ex
481 969 726 1061 coagulatione
754 967 971 1039 laborassent
993 979 1040 1052 ‚et
1058 968 1169 1039 multa
1189 969 1229 1038 in
1250 969 1328 1038 illis

284 1093 497 1187 adpeterent
519 1101 752 1184 symptomata
785 1101 1044 1196 terantatorum
1072 1088 1321 1186 symptomati's

281 1219 434 1290 multum
466 1216 631 1305 analoga,
664 1203 829 1306 parentes
853 1214 1055 1308 judicarint
1086 1241 1107 1285 e
1135 1219 1318 1288 tarantule

282 1341 462 1412 demorsos
498 1331 609 1410 luisse
643 1333 884 1432 (repugnante
912 1339 1057 1408 interim
1088 1363 1319 1432 summopere,

280 1466 415 1558 optimo
435 1485 519 1533 sene
536 1471 685 1554 parente
702 1483 800 1541 meo,
825 1461 890 1555 qui
913 1461 1076 1532 morbum
1094 1485 1218 1533 revera
1234 1488 1318 1538 esse

278 1589 468 1681 malignam
501 1585 637 1657 labrem
671 1607 714 1652 ex
744 1585 990 1676 coagulatione
1024 1584 1233 1680 adserebat)
1275 1603 1314 1662 et

278 1713 361 1790 ideo
392 1710 606 1784 adveniente
642 1707 778 1776 musica
808 1706 991 1796 choream
1010 1719 1049 1778 et
1085 1711 1315 1790 saltationem

277 1837 480 1906 inchoariut
506 1833 706 1926 patientes,
727 1832 831 1924 jussu
861 1844 898 1902 et
924 1832 1069 1903 hortatu
1099 1847 1309 1925 parentum:

279 1986 323 2033 ex
347 1960 391 2029 iis
413 1959 485 2028 duo
516 1954 676 2060 saltando
707 1967 857 2025 mortem
885 1956 1152 2039 accelerarunt,
1180 1931 1310 2032 tertius

279 2109 365 2157 vero
388 2084 426 2151 in
443 2082 520 2175 ipso
541 2073 748 2146 chorearum
767 2091 851 2149 actu
871 2079 1069 2172 expiravit:
1095 2081 1223 2152 exinde
1246 2085 1310 2154 dc·
1413 2139 1414 2194 ,

276 2208 458 2287 ducimus,
485 2203 673 2294 malignam
698 2199 834 2272 labrem
854 2227 898 2273 ex
921 2202 1309 2299 coagulatione'impo·

276 2357 363 2407 nere
391 2327 594 2424 saepissime
620 2324 769 2398 medicis
797 2327 864 2398 sub
883 2327 1002 2421 specie
1032 2327 1161 2398 veneni
1186 2339 1308 2401 teran-

275 2457 386 2538 tulini
407 2452 464 2548 (⁴²).

326 2579 432 2674 Quod
456 2590 576 2649 eutem
592 2572 671 2670 ¹ipse
688 2577 879 2652 Bromius
899 2601 1082 2653 nervosam
1100 2578 1186 2650 mali
1201 2591 1309 2650 netu·

275 2727 351 2778 ram
372 2705 465 2775 bene
496 2701 732 2797 perspexerit,
756 2700 847 2773 haec
874 2704 953 2794 ejus
973 2713 1149 2774 testantur
1176 2704 1306 2774 verba:

276 2826 396 2922 siquid
421 2826 587 2919 judicare
615 2824 734 2906 valeo,
760 2823 959 2906 crederem,
984 2847 1162 2897 venenum
1190 2837 1305 2897 taren·
1411 2827 1412 2830 ’

275 2954 431 3027 tulinum
462 2949 691 3045 praeeipuam
716 2947 837 3018 sedem
861 2948 970 3042 figere
998 2949 1037 3018 in
1060 2947 1198 3041 liquido
1221 2971 1303 3020 ner·

273 3083 362 3158 reo,
388 3077 463 3146 sive
489 3074 529 3142 in
556 3070 739 3166 spiritibus
766 3071 995 3142 animalibus:
1020 3072 1196 3166 siquidem
1219 3097 1302 3144 con-

273 3202 369 3274 tinui
395 3198 533 3272 dolores
565 3194 708 3288 capitis,
731 3193 842 3266 animi
869 3194 1053 3289 deliquia,
1078 3196 1216 3267 dolores
1246 3221 1301 3268 os·
1410 3193 1411 3202 ’

272 3327 385 3416 sium,
418 3319 630 3414 impotentia
657 3318 888 3399 admotum,
920 3318 1112 3392 ventriculi
1140 3319 1303 3403 dolores,

271 3445 389 3525 cordis
415 3442 660 3536 oppressiones
687 3442 886 3534 etreliqua
916 3442 1025 3535 hujus
1045 3443 1183 3534 generis
1210 3469 1300 3539 sym·

269 3567 430 3665 ptometa
451 3567 649 3635 morbosam
674 3561 865 3657 spirituum
890 3578 1056 3638 naturam
1077 3565 1221 3638 abunde
1237 3591 1299 3661 pa·
1409 3561 1410 3566 ’

268 3759 524 3790 ---—·÷-

310 3881 350 3956 (Ἴ
379 3877 457 3958 Apud
478 3877 569 3940 Frrrx
589 3878 729 3942 Medicis.
752 3878 855 3958 Geogr.
874 3876 1129 3960 11.psg.508'sq.
1150 3880 1179 3940 iu
1200 3879 1299 3942 Russia

266 3988 435 4076 guendiondi
455 3989 483 4047 in
501 3989 585 4049 lunio
600 3994 626 4048 et
647 3989 722 4050 Julio
743 3989 905 4054 tarantuleru
921 4008 994 4066 esse,
1015 3990 1092 4068 cujus
1115 4009 1221 4052 morsus
1239 4011 1297 4051 ne·
1408 3995 1409 4018 ¹

269 4105 350 4165 luunt
370 4097 497 4176 Cosecci,
518 4098 631 4160 relatum
652 4098 773 4182 legimus.
837 4184 842 4194 ἱ
