2834 4874
317 393 374 458 102
601 387 765 452 SUDOR
805 387 1074 452 ttctlctts,

314 597 424 672 quam
453 584 599 667 propter
628 577 748 642 adrem
775 568 963 640 humidum
998 569 1208 654 nebulosum
1238 597 1350 670 eoque

317 697 527 794 impeditam
556 695 851 789 perspirationem
884 707 1070 768 cutaneam
1102 704 1141 764 et
1166 695 1347 789 pulmona-

315 824 388 895 lcm
422 819 742 916 imperfectamque
774 816 1016 897 haematosin,
1055 841 1166 911 pravo
1208 821 1346 894 stimulo

319 969 379 1019 cor
412 957 450 1019 et
479 967 590 1038 genus
619 965 781 1028 vasorum
815 965 888 1012 nou
919 952 1077 1023 tantum,
1117 950 1348 1021 verumetiam

317 1091 429 1167 genus
459 1091 650 1140 nervorum
680 1065 855 1136 uritsndo
877 1077 1016 1138 motum
1046 1066 1210 1140 febrilem
1235 1071 1346 1154 ciens,

317 1218 383 1293 per
404 1175 594 1266 humorum
617 1213 660 1262 ex
678 1201 762 1260 cute
779 1189 995 1283 profluvium
1014 1189 1221 1264 liberandus
1245 1207 1346 1290 atque

271 1391 275 1402 ,
317 1316 562 1393 emendandus
582 1337 662 1385 eum
682 1324 794 1396 esset,
819 1314 965 1386 sudores
980 1315 1032 1384 illi
1048 1339 1212 1388 enormes
1224 1319 1347 1392 foetidi

317 1452 533 1538 eruperunt,
568 1437 699 1534 quibus
726 1436 797 1506 nisi
826 1435 864 1507 in
893 1459 1002 1528 opere
1031 1461 1096 1508 suo
1124 1438 1345 1523 turbaretur,

314 1563 626 1658 natursprestituit
649 1585 735 1632 rem.
786 1559 860 1654 Qui
886 1573 1004 1632 motus
1026 1562 1173 1632 criticus
1200 1564 1253 1636 ita
1275 1589 1345 1636 mo·

315 1691 495 1766 durandus
516 1699 612 1767 erat,
637 1697 680 1754 ut
699 1707 746 1754 ne
765 1683 812 1753 ab
837 1707 909 1754 una
928 1696 1031 1779 parte
1054 1686 1266 1771 excederet,
1290 1709 1345 1760 na.

315 1837 387 1912 que
412 1814 461 1886 ab
489 1811 603 1882 altera
633 1808 911 1900 opprimeretur:
938 1808 1034 1878 unde
1058 1810 1272 1904 intelligitur
1296 1836 1343 1884 re·

317 1935 459 2034 glutinis
484 1932 614 2026 anglici
644 1928 849 2000 salubritas:
874 1928 1052 2024 pernicies
1070 1955 1154 2002 vero
1170 1936 1343 2030 regiminis
1405 1959 1407 2000 t

314 2057 693 2157 pseudomedicorum,
724 2063 788 2123 aut
819 2054 1082 2144 aegrotantium
1104 2058 1342 2152 impatientiae
1405 2037 1407 2122 i

316 2196 426 2278 atque
449 2177 663 2251 temeritatis
688 2200 813 2272 poena.
862 2178 951 2250 Nam
977 2179 1054 2250 sive
1076 2181 1342 2279 nimiumurge.

315 2320 373 2379 ret
392 2307 538 2378 sudores
555 2305 646 2374 male
674 2302 797 2372 sedula
815 2323 902 2371 cura
928 2283 1164 2387 adstantium,
1190 2307 1267 2380 sire
1292 2308 1341 2377 in.

315 2441 423 2503 eante
448 2429 657 2522 reprimeret
680 2423 943 2519 aegrotantium
971 2425 1110 2499 animus
1138 2429 1282 2525 inquies
1308 2442 1340 2502 et

313 2553 501 2634 indocilis,
528 2553 747 2623 conclamata
769 2567 826 2619 res
847 2561 936 2621 crat.

360 2677 558 2750 Pondemia
576 2675 638 2745 illa
656 2697 721 2769 per
742 2672 932 2746 dimidium
948 2684 987 2746 et
1004 2673 1102 2769 quod
1121 2675 1278 2749 excurrit
1294 2699 1339 2746 se·

314 2801 456 2881 culum,
481 2799 641 2893 quinque
672 2797 813 2868 vicibus
838 2796 1003 2879 rediens,
1027 2799 1207 2892 exemplar
1233 2797 1338 2870 obiert

315 2923 432 2996 morbi
459 2921 639 3016 popularis
659 2920 827 3002 recidivi,
853 2945 925 3016 quo
943 2921 1183 3014 significatur,
1206 2920 1337 2996 nonnisi

313 3067 379 3143 per
399 3048 545 3117 iteratas
570 3049 790 3116 accessiones
815 3044 911 3114 illam
930 3043 1067 3116 absolvi
1082 3045 1243 3138 potuisse
1260 3069 1334 3118 con·

312 3173 512 3244 stitutionis
539 3169 760 3262 epidemicae
785 3171 1139 3250 transmutationem,
1165 3173 1238 3266 qua
1259 3171 1335 3242 cha·

312 3306 432 3366 racter
450 3291 675 3385 nosologicus
694 3293 864 3386 antiquus
883 3293 921 3362 in
939 3291 1181 3364 characterem
1209 3294 1334 3366 nosolo·

311 3419 432 3512 gicum
456 3439 588 3486 novum
616 3416 827 3486 reformatus
845 3426 901 3486 est
920 3396 1029 3510 atque
1051 3415 1229 3511 dyscrasia
1249 3416 1333 3490 orbis

312 3541 445 3613 veteris
468 3540 507 3608 in
524 3539 739 3632 dyscrasiam
761 3539 855 3609 orbis
874 3538 960 3608 nori
980 3539 1131 3612 trandit.

236 3722 243 3735 .
360 3662 467 3758 Quod
482 3684 526 3732 eo
544 3665 655 3756 magis
672 3662 820 3734 adtendi
836 3675 1011 3745 meretur,
1029 3664 1115 3758 quia
1131 3665 1255 3736 eodem
1271 3660 1332 3740 hos

311 3799 474 3881 tempore
509 3786 677 3881 psychica
702 3771 809 3858 ¹iacta
840 3798 895 3858 ost
921 3786 958 3856 in
990 3787 1077 3857 orbe
1109 3781 1330 3860 intellectuali

312 3907 485 3990 mutatio,
507 3909 604 3982 unde
621 3933 735 3983 novus
755 3922 862 3984 natus
880 3922 935 3982 est
953 3913 1127 3983 seclorum
1145 3911 1242 3984 ordo.
1265 3905 1329 3980 Sci·

309 4036 400 4107 licet
421 4033 570 4104 historia
589 4033 820 4108 humanitatis
841 4036 919 4110 aine
939 4033 1089 4108 historia
1109 4035 1268 4109 sanitatis
1281 4030 1329 4102 in·
