2900 4874
403 1547 649 1612 ontrrttls
684 1547 856 1615 Monet.

172 1923 225 1996 Ut
251 1920 382 2000 homo,
416 1919 468 1990 ita
491 1939 603 2012 genus
627 1917 822 1990 humanum
851 1946 933 1994 suas
963 1922 1054 1999 vixit
1082 1947 1146 1998 ae·

115 2059 232 2128 tates,
265 2042 422 2140 quasin
450 2040 600 2112 historia
637 2041 919 2118 animadvertere
954 2047 1051 2122 lieet.
1099 2049 1147 2123 In

115 2171 266 2245 Oriente
286 2166 425 2261 generis
443 2165 591 2236 humani
605 2167 755 2260 primam
776 2177 932 2240 aetatem
948 2173 1148 2258 cernimus,

114 2296 155 2364 in
175 2293 263 2364 or'be
286 2288 432 2361 classico
459 2289 650 2383 pueritiam
668 2301 706 2360 et
729 2289 880 2384 primam
895 2293 1148 2387 juventutem⁸

114 2418 155 2486 i'n
179 2439 271 2488 aero
297 2411 417 2484 medio
442 2412 734 2495 adolescentiam,¹
759 2413 798 2485 in
825 2415 911 2485 orbe
935 2413 1149 2490 Germanico
1236 2481 1239 2488 ,

116 2537 275 2612 aetatem
301 2535 457 2606 adultum
487 2535 638 2608 virilem.
685 2537 815 2634 Itaque
847 2535 1050 2612 Orientales
1076 2542 1153 2637 pri·

116 2687 213 2734 mem
247 2663 345 2734 vitae
375 2659 566 2754 epocham,
599 2657 730 2732 Graeci
758 2657 950 2756 Latinique
983 2663 1150 2752 alteram,

118 2785 335 2861 Germaniae
356 2783 481 2877 populi
501 2782 644 2854 tertiam
661 2783 849 2873 vixerunt3
877 2783 981 2878 cujus
1006 2785 1153 2864 initium

117 2922 217 2982 aetas
239 2907 359 2978 media
387 2905 492 2978 nobis
520 2913 776 3000 repraesentat.
822 2906 947 3000 Neque
972 2908 1083 3004 igitur
1111 2912 1153 2986 in

115 3033 272 3106 historia
302 3031 407 3102 aliam
438 3027 550 3123 magis
579 3027 778 3099 naturalem
804 3039 1006 3127 temporum
1033 3034 1155 3108 distri-

118 3157 308 3228 hutionem
326 3155 428 3248 sequi
450 3175 515 3224 nos
536 3175 639 3246 posse
661 3173 870 3235 censemus,
894 3179 1003 3249 quam
1024 3157 1156 3228 ethno'·

119 3279 344 3375 graphicum,
379 3277 417 3346 id
446 3287 501 3347 est
525 3299 622 3357 eam,
655 3298 748 3368 quae
771 3300 793 3345 a
815 3278 977 3369 gentium
1007 3278 1154 3352 ducitur

119 3394 346 3484 discrimine,
371 3400 514 3493 abipsa
535 3403 590 3469 rei·
609 3408 739 3467 natura
757 3399 1023 3473 commendato:
1047 3404 1155 3477 aliem

119 3553 206 3600 vero
230 3543 486 3620 quameunque*
514 3519 731 3614 adpellamus
762 3521 985 3596 artificialem
1017 3550 1059 3597 ae
1083 3551 1156 3598 ma-

120 3655 174 3747 gis
206 3651 267 3723 rel
291 3651 415 3718 minus
445 3643 692 3725 arbitrariam,
725 3644 825 3737 quod
851 3646 911 3717 vel
939 3648 1016 3742 ipsa
1048 3649 1157 3723 docet

119 3788 310 3847 auctorum
340 3770 405 3840 has
430 3767 641 3863 partitiones
663 3767 916 3851 statuentium,
940 3771 981 3841 in
1014 3772 1100 3868 ipsis
1115 3775 1158 3846 il-

120 3900 159 3972 lis
182 3895 425 3976 definiendis,
448 3891 656 3988 opinionum
669 3891 996 3990 sententiarumque
1020 3898 1158 3971 discre-

117 4025 256 4122 pontia.
