2900 4874
349 475 352 480 Ι
405 379 565 450 nonar
605 382 874 466 uniuersa.
1120 387 1160 449 rr

126 559 273 660 litisque
285 562 429 642 aetatis,
449 586 520 656 qua
532 585 659 656 organa
678 561 799 636 vitalia
811 563 1029 660 explicantur
1046 578 1157 663 atque

135 687 331 758 abdominis
350 687 546 780 capitisque
568 686 761 756 visceribus
779 689 998 781 praecellunt
1019 693 1158 764 viscera

132 811 301 880 thoracis.
349 808 486 902 Quodsi
507 810 624 878 animo
656 809 702 880 ab
726 811 951 904 opinionibus
979 819 1159 909 praejudi-

132 935 225 1004 catis
248 931 424 1030 idolisque
457 932 596 1004 scholae
627 933 739 1003 libero
769 932 886 1006 fontes
913 934 1065 1010 Graaoos
1095 941 1157 1010 ad.

130 1079 257 1128 eamus
286 1068 322 1128 et
345 1059 485 1128 chartas
511 1057 756 1149 pervolvamus
782 1057 1070 1150 Hippocratioas‚
1102 1067 1159 1137 ri.

129 1180 317 1262 dabimus,
344 1178 449 1272 juxta
477 1177 663 1273 phlogoses
684 1179 816 1271 positos
845 1181 984 1252 morbos
1014 1185 1158 1260 biliosos

130 1306 304 1400 gastrioos
328 1316 365 1374 et
377 1302 481 1395 juxta
499 1301 707 1395 adparatum
726 1302 1065 1397 antiphlogistieum,
1087 1337 1161 1386 me-

130 1431 291 1502 dicinam
313 1437 566 1501 evacuantem.
596 1425 879 1520 antigastriaam:
905 1429 1001 1500 unda
1024 1437 1160 1531 perspi.

132 1553 251 1633 citur,
277 1573 355 1653 ourx
369 1547 457 1618 adeo
479 1546 601 1616 creber
626 1548 736 1621 inerit
757 1573 843 1620 usus
868 1553 1098 1628 emetirorum
1121 1571 1160 1632 et

130 1673 383 1772 purgantium,
415 1670 461 1742 de
496 1671 626 1763 quibus
657 1674 768 1743 multa
799 1685 937 1745 exstant
971 1693 1161 1774 praecepta

130 1776 374 1873 nossemus
412 1793 659 1887 therapeutica
693 1793 756 1890 (*)
798 1796 1000 1892 quibusque
1039 1801 1161 1877 sobole

132 1922 265 1994 Cnidia
295 1919 369 1991 iere
398 1917 481 1990 solis
512 1919 571 2012 uti
595 1917 748 1998 solebat,
764 1931 815 2023 ¹ut
833 1921 968 2014 justam
991 1929 1161 2000 meruerit

130 2056 283 2143 propter
312 2041 410 2112 huno
437 2040 586 2111 abusum
612 2043 744 2114 medici
770 2043 832 2115 Coi
863 2067 1064 2119 censuram:
1097 2053 1162 2147 qui

131 2182 259 2242 tamen
288 2166 417 2238 abusus
447 2167 504 2236 val
536 2164 611 2259 ipse
645 2167 767 2237 testari
798 2167 965 2251 ridetur,
1004 2172 1161 2248 crebram

133 2293 266 2365 horum
293 2289 529 2360 remediorum
559 2290 801 2360 salubritatem
817 2291 965 2363 medicis
993 2295 1069 2367 istis
1090 2321 1161 2368 em·

131 2416 260 2513 piricis
278 2426 408 2485 notam.
457 2415 551 2487 Huic
569 2414 757 2484 ratiocinio
782 2415 920 2506 pondus
954 2418 1092 2490 accedit
1117 2443 1161 2494 ex

135 2566 202 2620 eo,
226 2537 323 2634 quod
342 2538 451 2607 rarior
470 2538 573 2631 longe
602 2537 648 2607 sit
669 2539 980 2610 sanasseetionum
1003 2543 1159 2626 mentio,

133 2687 257 2758 nequa
275 2662 320 2731 de
345 2661 433 2741 iilis,
458 2663 513 2731 uti
538 2661 584 2730 de
616 2661 869 2754 purgantibus,
892 2663 991 2733 edita
1021 2666 1092 2738 sint
1116 2668 1162 2740 ab

134 2791 368 2862 lerocnsrn
404 2796 591 2878 praecepta
634 2785 835 2878 peculiaria.
895 2785 1014 2858 Febris
1051 2790 1162 2884 igitur

134 2934 325 2986 commuue
346 2908 417 2980 fuit
439 2906 640 2976 morborum
663 2908 701 2976 in
728 2905 878 2980 Graecia
898 2911 1091 3003 exemplar,
1118 2938 1162 2985 ex

135 3061 214 3136 quo
231 3045 354 3130 postea
372 3030 515 3103 demum
532 3030 719 3124 prodibant
739 3030 985 3124 phlegmasiaa.
1011 3033 1061 3105 Cf.
1081 3035 1161 3108 Lib.

136 3163 184 3234 da
212 3157 311 3228 Hirr.
336 3153 432 3226 Med.
465 3178 499 3247 p.
524 3138 569 3225 19
593 3165 630 3223 et
654 3153 701 3228 28
724 3179 774 3247 sq.
821 3153 915 3224 Hinc
949 3156 1054 3227 simul
1081 3183 1162 3252 per·

137 3281 308 3380 spicitur,
334 3302 398 3348 our
424 3279 515 3348 tanti
542 3276 669 3348 iecerit
699 3257 940 3350 Hu’rocnsrns
963 3302 1036 3348 rem
1062 3283 1161 3353 oriti-

138 3433 240 3488 oam,
264 3427 327 3476 our
356 3403 394 3472 in
418 3401 508 3470 libro
525 3400 571 3471 de
602 3401 701 3480 rictu
724 3402 1161 3478 acutorumdiaeteticans

138 3529 330 3606 tradiderit
342 3523 541 3595 morborum
560 3525 796 3606 curationem,
818 3549 880 3594 our
905 3525 1060 3620 denique
1080 3555 1161 3622 pro.

133 3654 324 3750 gnostioen
341 3673 426 3746 prae
443 3649 660 3742 diagnostioe
684 3648 887 3720 excoluerit.
936 3650 1109 3722 Nimirum
1131 3653 1162 3722 si

138 3777 335 3872 cogitemus
356 3773 531 3869 propriam
545 3774 689 3853 aetatis,
714 3795 820 3865 quam
840 3771 927 3843 vixit
944 3797 1031 3864 gens
1053 3773 1163 3849 Grae.

180 4045 220 4127 V)
248 4040 296 4106 Cf·
316 4041 477 4124 Apteron.
505 4047 572 4106 Soet
591 4042 638 4104 lt.
700 4095 703 4102 ,
729 4088 732 4096 r
