2872 4870
343 413 519 482 secuturi
549 415 727 480 nuenton
758 417 962 490 sutrinum.
1110 418 1168 484 225

120 606 254 700 pere‘s,
282 600 517 672 Sronuusurs
537 601 576 672 in
604 597 694 670 urbe
717 621 812 670 noro
831 596 925 670 inter
944 571 1076 672 divites
1109 625 1167 672 ar·

119 709 202 800 ¹tem
237 726 395 807 faceret,
430 747 476 796 an
506 747 696 795 examore
726 717 1168 817 Moarou1‚quonovnm
1267 717 1269 721 ’

124 851 354 946 iebriingum
369 880 373 891 ’
390 848 695 945 amplectebatur,
733 849 901 942 equidem
938 845 1058 918 dicere
1095 858 1185 920 non·

126 977 259 1046 ausim.
303 974 466 1046 Forsitan
483 972 602 1044 media
619 972 714 1043 inter
728 983 916 1066 utramque
934 970 1169 1053 sententiam,

124 1103 219 1172 vere
242 1099 371 1172 haberi
386 1100 470 1194 jure
493 1096 637 1192 poterit

157 1205 514 1324 ¹Intermittentibus
541 1219 692 1293 maxime
715 1221 939 1315 epidemiois,
965 1221 1003 1292 in
1027 1219 1174 1295 Germa·

127 1349 192 1418 nia
217 1359 259 1418 et
286 1347 402 1418 Dania
428 1345 649 1440 epidemicae
671 1345 820 1417 fuerunt
841 1345 1086 1439 dysenteriam
1109 1371 1174 1418 na·
1278 1373 1285 1383 ·

125 1484 234 1544 turae
248 1471 528 1566 erysipelaceoe,
546 1471 585 1541 in
601 1470 733 1566 quibus
744 1471 905 1541 maculae
924 1471 1055 1542 rubrae
1077 1470 1170 1569 (ery-

126 1597 308 1688 themata)
334 1596 373 1666 in
395 1595 559 1667 monibus
585 1595 736 1690 aliisquo
762 1595 850 1663 locis
879 1593 998 1675 visae,
1024 1619 1097 1667 non
1116 1601 1171 1669 in·
1292 1600 1296 1618 '

126 1720 259 1792 fimum
287 1720 444 1801 malitiae
469 1721 609 1813 signum
627 1717 847 1797 existebant,
872 1740 965 1810 quae
991 1728 1111 1791 tamen
1130 1702 1192 1792 in*
1260 1757 1263 1764 ·

128 1843 314 1938 epidemia
337 1843 461 1934 saltem
490 1843 619 1913 denica
638 1867 712 1913 una
731 1863 814 1912 eum
842 1813 1172 1938 febribus‘quarta·

128 1969 207 2052 nis,
235 1967 343 2038 facile
362 1966 402 2038 in
420 1978 543 2062 typum
567 1965 778 2038 continuum
799 1966 1060 2070 transmutatis,
1088 1991 1170 2041 cnm
1192 2013 1194 2020 ,

128 2071 323 2187 prodirent
348 2102 459 2188 atque
488 2091 613 2162 cortici
645 2078 843 2184 peruviono
867 2089 913 2159 ab
942 2089 1030 2162 Hou.
1050 2093 1172 2166 Fauno

133 2215 173 2292 e‘t
198 2217 293 2290 Tuo.
313 2214 491 2293 Wtuusso
503 2193 550 2286 'in
570 2213 641 2286 hoc
661 2213 775 2284 morbi
793 2221 921 2306 genere
947 2214 1093 2289 laudato
1114 2241 1172 2289 ce-

130 2341 286 2424 derent,
322 2363 452 2412 nerum
479 2361 561 2413 cum
591 2337 915 2410 intermittentibus
943 2339 1174 2416 manifestum

129 2463 329 2537 faciebant.
799 2467 801 2474 “
1046 2465 1079 2483 ”
1109 2443 1111 2450 ’
1149 2527 1153 2532 .

20 2589 22 2596 '
128 2599 144 2624 ·'
178 2587 332 2685 Typhns
354 2587 565 2682 petechielis
585 2588 622 2658 in
646 2587 838 2682 provinciis
862 2589 1030 2664 rhenanis
1052 2605 1090 2665 et
1105 2565 1173 2666 'ati‘-

130 2711 169 2784 bi
194 2713 326 2786 cod'em
355 2709 431 2782 fere
458 2723 616 2806 tempore
648 2709 879 2796 occurrebat,
916 2738 997 2787 cum
1026 2691 1174 2824 compti·-

132 2836 278 2910 c'atione
297 2835 496 2909 verminosa
510 2863 523 2917 ‚¹
543 2837 604 2907 cui
633 2835 819 2908 stibiatum
838 2841 1031 2912 emetienm
1051 2818 1173 2916 mede*-

132 2963 268 3043 batur‚·
288 2971 442 3032 nocente
457 2959 649 3065 plurimum
667 2961 951 3036 venaesectione.
1000 2965 1060 3037 Ab
1077 2936 1171 3040 anno

135 3085 246 3164 1675.
269 3087 401 3158 iterum
424 3084 573 3157 emicuit
587 3084 714 3180 pestis,
739 3079 918 3170 Africam,
945 3086 1173 3184 Hispaniam

135 3209 377 3308 nungentum,
412 3208 595 3283 Austriom
614 3239 617 3246 ¹
633 3231 821 3305 peragrans
835 3236 849 3293 ,·
879 3205 1041 3285 Viennae
1072 3236 1174 3309 prae·-

135 3339 261 3408 sertim
289 3334 451 3416 funesta,
482 3333 615 3406 deinde
640 3331 799 3425 Lipsiae.
824 3337 1081 3429 praeeuntibus
1106 3340 1174 3414 ἡ,

136 3459 284 3542 bribus,
319 3472 393 3531 tem
425 3455 749 3529 intermittentibus
788 3458 1020 3551 perniciosis,
1062 3436 1173 3558 quom
1215 3535 1217 3542 ,

136 3583 399 3681 peteohialibus
432 3594 470 3654 et
500 3582 722 3663 miliaribus,
758 3606 909 3676 quarum
938 3599 1173 3682 symptomata

136 3699 324 3803 propriae
342 3719 445 3802 peste
469 3730 542 3778 non
568 3705 739 3788 oberant,
764 3730 832 3778 nec
862 3709 979 3802 ipsum
999 3714 1173 3788 exanthe-

137 3853 217 3914 ma,
228 3855 346 3928 neque
360 3830 486 3904 critica
503 3831 643 3904 sudoris
662 3831 894 3925 significatio,
919 3857 1037 3929 neque
1052 3841 1174 3914 anxie·

140 3966 213 4038 tos,
238 3980 356 4052 neque
374 3965 518 4042 artuum
536 3955 689 4029 dolores.
712 3955 909 4028 Saeviebat
924 3971 1111 4052 praeterea
1135 3977 1173 4038 et

141 4079 250 4154 Halae
272 4067 449 4156 Saxonum
470 4083 579 4177 inque
603 4082 776 4158 comitatu
797 4080 1111 4180 Blanooburgensi

262 4205 266 4214 '
951 4203 987 4264 15
