2900 4874
382 341 556 430 rnsrts
594 359 951 428 norrrtoauu.
1012 325 1016 332 ’
1157 359 1175 421 r

141 571 262 643 eoque
300 545 492 618 vehemens
530 539 762 618 exulceratio
782 543 922 614 aooedit
955 553 993 614 et
1026 542 1171 637 insuper

144 671 335 746 diarrhoea
363 668 614 753 immoderata,
645 664 813 765 permulti
843 667 957 742 serius
982 688 1026 740 ex
1046 666 1175 740 debili·

144 809 224 868 tate
245 793 452 888 interempti
469 804 563 865 aunt.
705 871 707 874 ,
840 791 843 798 ’

200 919 331 994 Ultimo
353 927 592 989 memorantur
610 915 766 1011 partium
784 937 998 1013 gangraenas,
1021 915 1175 990 eaeeitas

144 1065 340 1138 rerumque
369 1027 505 1113 oblivio
535 1042 740 1137 diciturque
761 1041 1005 1137 gratissimum
1035 1042 1175 1136 rignum

146 1169 263 1240 fuisse
293 1152 404 1236 animi
436 1164 724 1260 despomionem,
750 1189 823 1261 que
849 1165 1040 1260 pessimum
1071 1159 1178 1240 eren·

146 1302 229 1364 tum
256 1287 328 1360 sibi
357 1288 532 1382 fingentes
550 1290 643 1360 malo
673 1312 748 1361 non
768 1289 987 1362 restiterunt.

200 1414 359 1496 Notetis,
375 1412 481 1483 ·haeo
503 1412 602 1505 signa
630 1413 759 1506 partim
787 1413 967 1506 pertinere
994 1411 1040 1484 ad
1068 1427 1176 1485 mem-

149 1539 282 1612 branas
296 1558 475 1607 mueosas:
492 1535 775 1629 conjunctivam,
795 1535 885 1617 oris,
904 1536 1089 1618 traoheae,
1102 1537 1181 1630 pul·

150 1683 320 1741 monum,
353 1659 625 1742 intestinorum,
658 1662 789 1756 partim
817 1659 864 1732 ad
891 1659 1021 1740 entim,
1052 1657 1182 1752 partim

152 1787 200 1857 od
228 1780 411 1875 sanguinis
439 1783 641 1866 officinam,
673 1786 804 1879 partim
835 1783 880 1854 ad
913 1802 1024 1876 genus
1053 1800 1183 1852 nervo·

149 1931 254 1990 rum,
282 1919 331 2002 ‚nt
358 1918 396 1977 et
423 1906 667 1978 catarrhorum
690 1916 729 1978 et
755 1907 1004 2003 erysipelatum
1028 1913 1067 1976 et
1095 1902 1183 1975 haee

153 2032 348 2104 matosium
367 2042 405 2102 et
435 2031 639 2102 neoresium
658 2041 761 2102 notas
779 2030 1005 2112 ostenderet,
1027 2043 1097 2101 nee
1118 2026 1183 2098 mi·

152 2180 235 2230 rmn
257 2157 323 2237 sit,
347 2154 394 2224 ab
415 2153 493 2224 aliis
511 2151 558 2224 ad
573 2153 743 2226 familiam
762 2155 873 2246 tenet,
897 2154 944 2224 ab
961 2152 1041 2225 eliis
1065 2149 1112 2224 ad
1132 2161 1185 2246 ty·

152 2284 248 2378 piri..
276 2279 324 2350 ab
355 2279 434 2348 aliis
461 2275 508 2348 ad
538 2278 824 2350 exanthematum
850 2290 991 2373 gentem
1022 2275 1183 2372 potuisse

154 2406 296 2478 referri.
349 2402 486 2496 Quodsi
521 2422 601 2472 oum
632 2401 733 2474 hisee
772 2401 994 2474 eonferamus
1030 2418 1185 2494 nuperae

158 2531 376 2602 franeorum
402 2525 666 2598 obseruationes
689 2525 729 2595 in
752 2525 903 2621 AEgypto
928 2524 1062 2606 iaetus,
1083 2521 1188 2594 ride·

159 2653 278 2724 bimus
316 2650 424 2720 etiarn
457 2670 618 2740 magnam
650 2658 922 2742 symptomatum
953 2649 1186 2731 varietatem,
1324 2725 1330 2734 ,

158 2799 228 2847 nee
251 2771 532 2845 desiderabimus
557 2771 824 2852 exanthemata,
849 2769 1077 2865 erysipelate,
1102 2795 1186 2864 gan-

159 2921 330 2993 graenas,
365 2919 534 2968 neuroses
566 2905 822 2989 praetereaque
866 2894 1187 2966 animadvertemus

159 3024 326 3096 uobones
348 3019 409 3115 (*)
443 3030 481 3092 et
510 3019 718 3099 anthraoes,
741 3036 834 3114 quae
861 3016 973 3110 magis
1001 3017 1188 3090 definitam

164 3145 410 3219 monstrabant
434 3143 526 3216 lueis
542 3140 763 3236 inguinariae
786 3139 945 3210 sormam.

212 3270 287 3344 Sed
314 3289 443 3362 operae
474 3266 631 3360 pretium
655 3275 729 3345 est,
752 3263 798 3335 de
824 3263 881 3334 his
907 3286 1052 3360 quoque
1079 3288 1193 3361 quae·

161 3393 249 3479 dam
282 3391 519 3486 subjungere,
550 3400 592 3460 ut
627 3387 739 3482 magio
762 3387 968 3462 ademeram
1005 3400 1191 3465 teneamus

161 3517 418 3614 hujusmorbi
440 3514 617 3588 notitiam

174 3707 385 3736 ..ι-.-

216 3827 270 3904 Ρ)
301 3827 336 3886 in
360 3823 431 3886 hisee
456 3781 511 3888 non
539 3825 693 3888 aedalosam
722 3824 870 3901 duntaxat,
897 3825 943 3888 sed
967 3826 1036 3907 ipses
1059 3828 1210 3910 glandule

139 3939 267 4001 ,morbo
294 3936 374 3999 tuioo
398 3942 497 4014 troas,
524 3935 601 4002 aliter
624 3938 686 4001 lieet
708 3940 837 4000 sentiente
862 3937 994 4016 istaut,
1014 3938 1107 4004 docuit
1132 3960 1197 4002 ana·

168 4058 253 4112 tome.
