2872 4870
227 405 283 476 nt
517 379 702 462 rnnnrs
742 355 952 460 necess.

226 608 298 664 ne,
322 580 548 654 lunationum
572 577 768 665 anomalia;
791 577 986 673 morboque
1013 575 1254 662 increscente,

226 710 333 812 pulsu
358 706 476 812 rario,
502 701 631 805 sudore
651 701 802 798 frigido,
825 701 981 784 deliriia,
1008 700 1160 784 vomitu,
1184 703 1256 776 sin·

224 835 351 930 gnltn,
377 821 574 910 anxieme,
604 825 804 924 dyspnoea,
835 823 950 898 omrlis
969 825 1121 900 intersis
1142 827 1256 924 laery-

226 953 423 1050 mantibns,
449 973 593 1048 sopore,
620 949 865 1035 mateorismo,
890 947 1063 1031 itaburia,
1088 974 1258 1046 gangrae-

227 1101 294 1172 na,
327 1075 521 1172 peteobiis,
556 1075 628 1147 alri
657 1073 843 1168 profluviis
876 1073 1138 1176 tolliquativia,
1171 1073 1257 1148 hae·

228 1200 460 1294 monhagiis,
486 1197 685 1272 tumoribus
708 1197 950 1280 tonsillarum,
982 1207 1073 1269 eaet.
1120 1199 1168 1271 In
1200 1223 1258 1272 oa·

227 1297 422 1418 ilareribns
445 1322 617 1398 intestina
638 1321 834 1404 ribioibns,
858 1319 1034 1419 peteobiis
1055 1345 1257 1396 eommaen-

228 1450 326 1530 lota,
358 1468 465 1518 mnoo
502 1447 638 1542 griseo,
671 1443 831 1520 subflavo
863 1456 984 1528 teoto,
1016 1445 1257 1534 inflammata,

229 1570 448 1668 sphaoelnta,
471 1568 658 1664 glandulae
672 1569 887 1642 meseraieaa
903 1563 1099 1656 tumentem
1114 1572 1153 1644 in
1175 1595 1260 1670 pec·

228 1709 306 1769 tore
330 1717 447 1767 serunt
467 1695 578 1790 inque
597 1692 715 1790 eapite
737 1694 831 1766 inter
847 1695 1039 1787 meningen.

277 1819 422 1894 Curatio
447 1816 561 1890 fiebat
590 1839 656 1914 per
678 1815 985 1890 venaeseotionem
1015 1815 1258 1902 moderatam,

228 1947 267 2016 in
288 1943 402 2016 morbi
420 1961 626 2036 paroxysmo
654 1939 770 2034 primo
792 1939 936 2038 vigente
959 1939 1114 2034 (sanguis
1136 1953 1261 2016 ernsta

228 2045 343 2163 grisea
371 2061 550 2136 obductus
578 2047 816 2157 oemebatnr),
874 2065 952 2137 ileo
980 2064 1114 2158 igitur,
1147 2065 1260 2164 aiqui-

228 2193 310 2266 dem
335 2209 423 2284 opus
437 2195 551 2266 esset,
575 2186 783 2280 praemissa,
807 2186 905 2260 boris
920 2187 967 2260 ab
984 2189 1258 2263 exacerbatione

229 2313 375 2384 remotis
401 2308 555 2380 dabatur
583 2307 795 2388 emetionm.
825 2331 868 2381 ex
893 2309 967 2382 sola
993 2311 1260 2406 ipeeaonanbn,

230 2449 294 2507 ant
326 2455 473 2530 corpore
496 2430 654 2515 duriori,
677 2430 801 2506 addito
830 2431 953 2515 stibio,
987 2432 1158 2531 ‹laineeps
1183 2437 1260 2510 alvi

228 2558 439 2656 purgatione
467 2553 677 2648 subjuncta,
703 2553 847 2627 tandem
875 2555 944 2627 snb
972 2579 1155 2652 vesperam
1181 2559 1262 2634 diei

229 2682 352 2778 quarti
376 2677 682 2773 praesmibebatnr
703 2690 791 2753 cort·
809 2680 1043 2774 petavianus,
1070 2682 1171 2758 tetre
1193 2709 1261 2760 no·

231 2804 390 2882 labiliter
415 2803 632 2873 remittente.

279 2930 410 3022 Itaque
428 2924 519 2997 haee
535 2923 645 3034 lebria
660 2926 886 3020 neapolitana
906 2921 1016 3002 luisse
1035 2928 1179 3006 ridetur
1203 2945 1262 3030 ty·

230 3053 297 3150 phi
316 3047 452 3122 muooai
476 3049 632 3141 speeies,
657 3071 844 3121 erearum
873 3049 1134 3126 remittentinm
1152 3079 1264 3151 genaq

232 3201 290 3259 re,
309 3197 402 3270 quae
421 3170 745 3252 intermittentibus
762 3171 918 3262 adfines,
933 3176 1181 3253 meditationis
1195 3201 1262 3274 per

231 3301 399 3372 eortieem
423 3295 657 3392 pernviannm
680 3317 826 3390 oapaoes
846 3320 923 3370 esse
941 3297 1262 3396 deprehenduntur

234 3436 274 3527 qt
290 3421 534 3517 cognationem
560 3417 668 3488 lebris
697 3441 884 3510 mneosae,
909 3422 1010 3518 typhi
1027 3436 1066 3498 et
1084 3423 1263 3500 intermit.

234 3543 389 3620 tentinm
408 3541 648 3614 subindicant.
672 3541 735 3635 Ea}
744 3547 923 3635 cognatio,
943 3547 1019 3644 jam
1028 3547 1127 3642 prius
1146 3548 1262 3634 anim.

236 3672 401 3748 adversa,
435 3684 509 3737 non
545 3664 653 3737 latuit
689 3668 912 3751 annanms,
946 3670 1149 3758 morborum
1185 3675 1264 3769 epi.

238 3793 457 3866 dominorum
482 3773 688 3884 Pieymntbi
710 3770 779 3861 hoo
802 3765 959 3903 ternpore
980 3796 1261 3891 observatorem,

237 3941 311 3990 non
329 3915 435 3986 latuit
456 3913 673 3988 Wnournurr
691 3914 729 3984 in
744 3915 922 4009 epidemia
946 3921 1174 4016 gottingensi,
1192 3945 1262 3996 nen

237 4041 453 4146 Patremon,
494 4035 662 4152 exirninio
693 4038 792 4112 illum
824 4042 1002 4117 medicum
1038 4057 1263 4152 cestrensem.¹
