2872 4870
357 405 548 472 TtPflUS
590 408 958 471 incontritus.
1125 405 1180 472 189

148 595 202 663 tio
220 573 389 686 producti
406 573 557 684 proprii,
584 589 680 682 quod
705 573 785 660 suas
805 573 904 659 subit
918 569 1181 684 metamorphc·
1264 593 1266 600 ’

147 738 220 797 ses,
249 711 324 786 sire
341 718 379 784 in
396 735 576 784 mucosum
592 712 656 782 ilei'
673 713 821 807 (typhus
837 715 1088 803 abdominah's)
1106 711 1182 783 sire

143 841 185 908 'iu
216 862 395 909 mucosum
419 838 596 933 pulmonis
620 834 929 934 (pneumotyphas)
955 837 1114 930 analogia
1138 847 1181 907 ac

146 962 349 1033 similitudo
365 985 447 1033 cum
468 962 545 1032 aliis
564 962 784 1056 processibus
800 961 1101 1052 heteroplasticis,
1124 961 1181 1030 in·

144 1086 347 1156 flammatio
377 1087 515 1179 impura
538 1109 580 1155 cx
607 1085 783 1177 dyscrasia
814 1086 992 1176 sanguinis
1016 1085 1178 1177 propria,

147 1211 315 1304 typhoea.
364 1211 456 1281 Sunt
483 1219 601 1280 tamen
632 1211 790 1298 exempla
823 1208 924 1302 typhi
953 1209 1039 1278 siue
1058 1209 1181 1280 morbo

146 1335 368 1415 intestinali,
402 1335 477 1404 sive
505 1334 581 1404 aliis
607 1333 761 1402 mucosis
789 1332 1073 1424 aegrotantibus,
1107 1335 1182 1404 siue

148 1458 236 1528 solo«
256 1469 460 1551 aegrotante
482 1458 661 1548 sanguine.
1164 1443 1167 1452 ’

198 1581 256 1654 Ex
272 1605 345 1676 quo
361 1593 518 1675 tempore
539 1581 669 1676 typhus
691 1581 898 1672 petechialis
913 1604 1080 1650 summam
1101 1603 1182 1648 con—

147 1697 300 1776 secutus
332 1718 386 1778 est
415 1706 674 1778 evolutionem:
709 1704 746 1772 id
775 1704 872 1796 quod
903 1703 1003 1770 aunis
1029 1699 1119 1772 1813
1147 1713 1184 1769 et

151 1827 260 1900 1814.
296 1827 428 1900 lactum
464 1831 572 1900 luisse
605 1827 815 1922 perhibent,
851 1825 1043 1896 crebriores
1081 1839 1183 1898 erant

148 1953 348 2023 relationes
393 1954 547 2024 febrium
585 1933 834 2030 nervosarum',
879 1948 1181 2044 cpidemicarum,

147 2097 326 2170 perquam
353 2061 567 2169 ¹vulgarium,
593 2078 632 2145 in
656 2057 798 2168 quibus.
814 2073 1028 2145 elementum
1058 2079 1181 2167 gastri-

150 2225 236 2270 cum
257 2201 512 2292 praecellebat,
538 2200 667 2269 tamin
688 2197 821 2278 Gallia,
846 2220 953 2290 quam
973 2199 1012 2268 in
1030 2197 1180 2271 'Germa'-

148 2326 236 2406 nia,
263 2323 445 2405 Helvetia,
470 2322 606 2394 Russia.
646 2323 714 2393 ste
727 2323 856 2415 typhus
874 2322 1104 2394 abdominalis
1126 2349 1184 2396 ex·

151 2452 268 2530 stitit,
295 2450 341 2521 do
359 2449 462 2542 cujus
480 2447 625 2518 notione
644 2447 738 2516 inter
754 2471 790 2516 se
810 2457 969 2541 pugnant
988 2449 1056 2517 viri
1072 2448 1183 2522 docti.¹

151 2573 318 2668 Typhum
350 2553 586 2665 petecbialem
620 2591 682 2662 per
706 2570 855 2640 tenram
886 2571 1115 2664 hungaricam
1143 2576 1183 2646 in

152 2699 304 2793 typhum
324 2696 583 2766 abdominalem
607 2693 790 2763 secessisse
814 2693 1037 2787 Qntrzusnrtt
1060 2696 1181 2791 opinio

152 2835 219 2893 est.
270 2821 316 2891 In
342 2820 412 2891 hoc
442 2830 561 2889 autem
584 2816 768 2908 petcchias
794 2838 1020 2910 naquaquam
1048 2818 1180 2891 hebere

154 2943 451 3036 significationem
468 2943 640 3012 criticam.
687 2938 907 3009 Exunthamu
924 2963 1010 3011 vero
1036 2965 1074 3012 se
1096 2964 1182 3012 con-

149 3069 282 3159 jecisse
305 3069 344 3138 in
362 3070 474 3138 cutim
493 3067 682 3144 internam,
705 3062 946 3133 intestinalem
974 3066 1097 3158 sicque
1119 3088 1181 3136 na-

152 3203 230 3262 tum
265 3215 341 3262 esse
377 3191 524 3285 typhum
559 3187 826 3256 abdominalem.
885 3187 930 3256 In
962 3210 1032 3280 qua
1063 3193 1183 3258 tamen

149 3299 386 3408 'symptomata
403 3309 614 3391 cerebralia,
638 3298 763 3403 pulsus
776 3320 813 3379 et
832 3307 941 3380 febris
958 3297 1180 3381 communem

153 3438 337 3510 declarant
364 3436 478 3509 morbi
504 3435 685 3528 originem.
735 3434 858 3505 Plures
885 3458 961 3504 esse
987 3434 1179 3507 varietates

153 3562 401 3634 intermedias:
437 3572 475 3631 ct
495 3558 634 3652 pridem
669 3570 707 3628 et
733 3581 848 3652 nuper
880 3555 1120 3640 observatas,
1138 3560 1179 3630 in

154 3686 231 3758 aliis
256 3687 460 3783 regionibus
497 3684 591 3755 alias.
640 3683 758 3775 Ipsam
784 3693 907 3753 autern
932 3677 1177 3780 inflammatio·
1299 3684 1304 3694 ’

156 3832 235 3881 nem
250 3813 394 3880 minime
414 3831 491 3878 csse
510 3830 657 3901 puram,
682 3830 804 3876 verum
827 3807 1000 3896 impuram
1023 3804 1178 3902 ideoque

154 3935 251 4005 nullo
265 3937 347 4028 jure
372 3927 815 4024 sivegastro·enteritidis,
843 3952 905 3998 seu
933 3927 1175 4024 meningitidis

157 4057 471 4154 cerebro-spinalis
508 4055 613 4126 titulo
650 4052 841 4139 celebrari3
877 4053 1173 4145 quemadmodum
