2900 4874
273 361 316 426 δί’.
580 361 740 424 llORS
791 361 1062 424 ulcus..

271 539 389 616 simul·
408 538 584 621 theriace,
618 540 701 612 bolo
730 543 955 622 armeniaco,
988 539 1208 634 potionibus.
1222 554 1306 614 cari

271 666 404 746 discis,
438 664 621 758 scidisque
656 663 850 736 levioribus
883 643 1091 758 sanguinem
1124 666 1310 758 corrigero-

273 801 383 882 stque
418 787 695 882 epithemotibus
730 801 768 860 et
806 789 1003 882 emplastris
1037 789 1306 862 emollientibus

275 911 438 984 bubones
455 923 631 984 maturare
655 911 852 986 tentabant.
878 913 979 1003 Quae
993 912 1202 994 methodus,
1228 935 1306 982 mo·

274 1045 384 1107 neoto
401 1038 583 1117 Hsssnuo,
610 1035 758 1108 forsitan
775 1035 936 1130 pluribus
955 1035 1065 1108 exitio
1079 1035 1168 1118 tuit,
1191 1057 1321 1131 quam

274 1160 361 1254 ipso
376 1159 538 1232 morbus:
564 1171 607 1232 ut
633 1161 875 1233 Priameius
892 1158 937 1230 de
958 1157 1117 1231 medicis,
1129 1170 1167 1232 et
1190 1155 1308 1230 medi&

278 1305 402 1356 eornm
424 1295 500 1356 orte
526 1283 688 1378 querelas
715 1305 940 1378 nequaquam
960 1282 1138 1352 miremur.
1186 1281 1310 1354 Nolite

276 1415 397 1480 tamen
425 1417 575 1502 putare..
603 1429 723 1480 omnes
750 1407 826 1500 peri
851 1405 989 1476 ratione
1023 1416 1135 1478 artem
1165 1402 1308 1476 iecisse.

278 1529 368 1604 Nam
389 1531 435 1602 de
461 1530 621 1604 cosmo
645 1523 828 1613 novimus,
861 1530 1043 1603 damnasse
1066 1527 1309 1602 renaeseetio-

280 1676 364 1726 nem
394 1653 558 1750 bonoque
585 1676 628 1724 ex
647 1653 845 1748 praeceptis
870 1653 1134 1746 therapeutioes
1160 1651 1310 1723 univcr-

281 1777 365 1849 salis
389 1778 570 1850 admisisse
590 1777 764 1850 duntaxat
788 1777 829 1848 in
850 1776 1014 1848 curandis
1042 1773 1167 1846 sabeis
1186 1769 1310 1867 ponti-

283 1900 363 1974 ficis
387 1903 529 1972 maximi
553 1913 590 1972 et
608 1901 767 1984 clericis,
788 1903 851 1996 qui
870 1898 1148 1974 sacerdotiorum
1166 1905 1204 1968 et
1233 1893 1311 1966 cul·

283 2035 343 2096 tus
368 2023 483 2095 divini
503 2035 689 2118 praetextu
717 2025 820 2118 genio,
844 2025 924 2119 plus
952 2023 1037 2098 satis
1062 2019 1250 2110 indulgent
1272 2027 1311 2088 et

285 2145 532 2240 obsequuntur
550 2171 592 2220 ac
605 2147 783 2220 Cbristurn
799 2144 966 2242 speciosis
983 2142 1097 2215 titulis
1115 2144 1311 2214 ementien-

285 2279 362 2350 ies‚
384 2269 576 2364 Epicurum
601 2273 796 2344 imitantur.
843 2270 1032 2364 ultaque,
1054 2267 1191 2360 inquit,
1217 2285 1309 2338 vens

285 2391 477 2468 incidenda
495 2395 639 2468 minime
666 2409 738 2478 est,
763 2418 831 2466 nee
848 2395 888 2469 in
907 2393 1072 2468 omnibus
1093 2391 1168 2462 sine
1186 2387 1312 2462 discri-

288 2516 403 2598 mine¹
429 2516 524 2610 quod
542 2519 757 2612 percussoris
776 2529 830 2592 est
860 2517 1027 2598 lanistae,
1049 2525 1115 2586 aut
1141 2513 1311 2608 gladioto-

287 2639 355 2718 ris,
379 2661 451 2708 non
468 2642 611 2715 medici.
657 2641 806 2734 Sanguis
824 2640 1038 2716 auferendus
1055 2647 1110 2710 est
1123 2661 1186 2730 pro
1205 2635 1311 2708 modo

289 2762 542 2856 plenitudinis,
566 2764 726 2858 quamvis
744 2774 884 2836 sanatos
910 2761 1046 2859 plur'es,
1070 2761 1202 2856 quibus
1216 2779 1312 2832 ncnc

288 2885 433 2958 minime
452 2891 597 2978 pertusa
617 2888 754 2969 luerat,
779 2911 886 2982 quem
913 2887 1045 2983 quibos
1071 2895 1234 2976 pertusa,
1260 2880 1313 2952 vi·

288 3005 435 3078 derim.”
484 3008 584 3102 Quae
615 3012 683 3082 viri
717 3012 825 3083 verba
856 3012 975 3082 seculo
999 3008 1104 3082 XIV.·
1130 3006 1176 3080 ob
1203 3005 1313 3080 animi

289 3129 479 3202 candorem
518 3157 561 3206 ae
594 3135 797 3206 libertatem
833 3144 959 3205 notatu
996 3151 1167 3228 perquam
1206 3131 1314 3226 digna

291 3265 413 3324 censet
438 3257 664 3330 necessest
689 3259 711 3329 1.
737 3281 814 3352 pag.
832 3255 892 3330 90.

340 3379 427 3450 Post
444 3379 655 3472 epidemiam
681 3379 1058 3474 gravissimamplures
1083 3351 1313 3474 sequentibus

291 3501 393 3572 suuis
404 3512 512 3580 ,ortae
531 3503 649 3595 paullo
664 3503 837 3584 leniores,
852 3504 907 3582 :ub
925 3525 1018 3578 anuo
1035 3503 1202 3574 nimirum
1222 3495 1315 3574 1348

295 3624 342 3696 od
366 3645 499 3694 annum
512 3625 622 3707 1360,
647 3623 719 3722 quo
740 3626 837 3698 omni
858 3637 1017 3720 tmere
1040 3628 1207 3700 saeviisse
1225 3643 1314 3696 mor-

293 3759 366 3823 tem
380 3749 551 3842 nigram,
582 3750 743 3822 nonnulli
781 3759 944 3822 auctores
971 3750 1199 3822 arbitrantur.
1248 3747 1314 3816 De-

292 3893 366 3944 nuo
387 3884 509 3944 autem
529 3873 819 3967 posteserupisse
843 3897 876 3946 o.
891 3873 1002 3962 1351.
1029 3873 1141 3956 1369,
1168 3871 1258 3946 1372
1277 3873 1315 3934 el

292 3992 410 4078 1382.
433 3997 575 4078 mustea
594 3997 845 4078 chronicorum
862 3998 1039 4074 referunt:
1064 4021 1157 4092 quse
1180 4009 1313 4088 semper
