2872 4870
284 318 342 398 ios
461 336 520 396 oc
558 310 747 399 uonars
785 337 1131 400 nvoturrours

281 487 553 590 tione‘ncr'vosa
569 517 704 590 lactum
722 511 818 598 e'sse,
842 529 885 588 ut
906 515 1008 599 illae,
1031 543 1122 614 quas
1135 501 1299 592 'memora

284 641 639 737 simundyrcrasiao
663 639 730 712 sub
758 623 870 712 forma
890 661 932 712 ac
949 645 1078 737 specie
1105 646 1299 716 neurosiun

280 771 318 838 s'e
337 765 589 846 manifestent,
612 786 707 862 quae
729 764 797 835 sub
816 741 1072 836 constitutione
1100 767 1301 860 phlogistica

229 871 237 886 ⁹
279 867 600 962 inflammationum
622 888 735 960 lorma
759 911 802 959 ae
836 889 955 983 specie
982 889 1127 983 prodire
1161 915 1303 964 consue

229 1022 435 1114 svarants'

286 1155 308 1174 ’·
328 1141 405 1236 Ipsi
423 1137 600 1212 elemento
618 1135 792 1231 typhoeo,
817 1135 916 1230 quod
938 1137 1115 1240 dyscrasia
1133 1141 1304 1236 quaedam

263 1263 412 1346 subsit,
436 1261 676 1332 recentiorum
695 1257 897 1332 observatio
919 1263 1161 1349 medicorum,
1186 1289 1304 1338 eorum

279 1387 525 1484 potissimum,
563 1383 628 1478 qui
666 1395 853 1456 anatomen
888 1385 1159 1480 pathologicam.
1172 1389 1304 1484 'majori

263 1513 399 1586 *studio
419 1511 561 1590 colunt,
587 1507 716 1578 docere
735 1507 899 1578 videtur:
926 1509 1103 1603 siquidem
1127 1509 1304 1584 in·morbo

278 1639 392 1710 hocce
419 1632 538 1707 febrili
557 1641 675 1702 acuto
699 1654 828 1726 suppar
849 1655 1033 1725 processus
1060 1634 1305 1731 heteroplasti·

278 1779 342 1835 cus
364 1772 471 1855 atque
493 1754 733 1828 inchronicis
758 1753 890 1827 morbis
915 1759 1115 1851 parasiticis
1136 1757 1216 1830 fieri
1246 1781 1306 1828 uo·

279 1893 698 1974 tatur,·nalurac‘opera
722 1878 989 1972 perficiendus„
1005 1881 1108 1976 eujus
1131 1881 1304 1954 beneficio

261 2007 445 2080 ,materies
476 2004 661 2100 peregrina
689 2001 891 2096 depositae
918 2026 1063 2098 corpore
1093 2007 1303 2076 eliminatur.
1379 2025 1380 2028 ’

284 2135 288 2166 ³
327 2133 431 2226 Quae
450 2127 633 2224 reputanti
650 2124 740 2198 mihi
754 2139 908 2200 mentem
925 2127 1097 2220 percellit
1116 2131 1208 2200 mira
1228 2149 1303 2202 cum

264 2271 446 2354 ¹processu
467 2251 698 2344 digestionis,
724 2273 805 2322 cum
831 2274 999 2347 processu
1028 2255 1242 2325 eioretionis
1271 2265 1304 2326 et

259 2392 361 2452 *cum
384 2399 550 2474 processu
580 2373 864 2448 exanthematico
896 2374 1005 2470 hujus
1037 2399 1222 2469 processus
1255 2391 1305 2472 tg-

275 2503 382 2599 phosi
403 2499 588 2593 analogia,
614 2521 785 2571 summam
802 2485 964 2570 indicans
983 2499 1101 2593 leprm
1127 2473 1304 2594 organica·

234 2680 237 2685 -
262 2649 358 2700 ,rum
383 2623 647 2720 simplicitatem
672 2634 710 2694 et
731 2624 977 2712 constantiam.
1025 2623 1208 2728 Nequein
1231 2623 1306 2697 aliis

278 2751 388 2822 eliam
410 2745 635 2818 desideretur
658 2749 848 2843 organismi
869 2747 1135 2830 functionibus,
1160 2759 1234 2820 tam
1255 2771 1306 2818 oa·

202 2853 205 2860 ’
277 2875 484 2968 nimquam
500 2868 671 2942 morbosis
690 2872 815 2944 eadem
837 2871 928 2944 haec
945 2873 1146 2944 constantia
1162 2893 1204 2944 ac
1227 2875 1305 2946 sim·

263 2996 427 3094 ,plicitas
476 2994 637 3088 Cogitate
663 3019 814 3090 quaeso,
838 3017 931 3091 quae
955 2995 1002 3066 de
1020 2993 1306 3071 inflammationi·

275 3121 344 3194 bus
377 3118 655 3202 catarrhalibus,
689 3118 886 3216 polyposis,
923 3119 1001 3189 aliis
1016 3139 1146 3212 'nuper
1166 3121 1304 3192 docuit

275 3239 425 3318 eximius
447 3253 628 3315 anatomes
646 3241 891 3337 polhologicac
914 3241 1031 3314 cultor
1052 3242 1182 3316 Ganos.
1198 3245 1306 3346 ilcan

275 3389 430 3444 raam:
457 3353 761 3460 contemplamini,
787 3367 913 3438 eodem
935 3367 1028 3438 duce
1056 3381 1164 3464 atque
1194 3369 1304 3440 inter·

273 3501 396 3592 prete,
421 3513 626 3588 processum
643 3489 900 3573 catarrhalem,
925 3492 1152 3588 polyporum,
1178 3491 1302 3585 dysen-

274 3620 445 3697 tericum,
479 3613 692 3709 typhosum,
725 3614 1017 3696 tuberculosum,
1048 3605 1129 3686 'atio
1163 3617 1301 3711 alioque

264 3731 545 3834 ‚loco¹corporis',
564 3740 603 3810 in
620 3738 699 3810 aliis
711 3737 860 3833 aliisque
882 3741 1038 3832 organis,
1063 3739 1138 3812 sira
1151 3743 1300 3814 clemen·

261 3868 323 3938 :tis
350 3860 891 3968 organicis,.nee·derperobitis
922 3863 1017 3946 iore,
1042 3875 1087 3937 ut'
1113 3863 1300 3962 aliquando

127 4019 130 4028 ·
261 3997 458 4073 anatome,
482 4003 546 4068 aut
573 3990 603 4064 si
626 3988 1064 4085 marolirissphysiotogia
1082 3987 1302 4086 paihologioa'
