2834 4874
277 395 398 462 uuum
419 393 531 460 oratus
550 393 647 461 rou.
667 431 706 448 -
727 373 909 463 srrmirs.
1066 399 1104 466 at

93 576 177 660 dem,
202 576 264 648 alii
281 577 350 648 alio
372 576 555 648 adtinentr
581 577 627 648 ad
643 575 856 650 seroiulosin
873 605 907 649 u.
926 603 973 659 e,
999 583 1104 675 eujus

94 683 216 795 generis
247 701 401 774 torsion-
426 701 650 774 eretinis'mur
684 701 808 772 haberi
840 717 983 796 possem
1012 707 1103 800 quos¹

94 852 245 920 unoque,
271 827 397 896 eodem
416 835 584 908 notante,
608 829 802 897 eommunis
817 828 1105 921 dedesin'gene.

93 975 123 1020 re
142 949 446 1044 lymphatioorum.
492 947 659 1044 Arduum
684 973 766 1020 sane
784 948 830 1020 de
853 949 909 1022 hia
925 951 1106 1043 judicium

94 1074 182 1151 lena.
229 1072 328 1144 Illud
357 1084 477 1144 tamen
508 1070 751 1144 confitendum
778 1083 850 1154 est,
881 1095 985 1167 posse
1004 1099 1106 1146 ›mor-

92 1197 163 1266 bum
181 1195 412 1288 multiplicem
436 1193 587 1266 induero
616 1194 783 1268 formam:
808 1197 906 1291 quod
932 1198 1107 1296 pelsolae

93 1319 293 1392 dermatoses
311 1318 482 1412 probant,
506 1322 787 1414 quarumieones
802 1319 967 1394 emituit
979 1323 1107 1396 Ram
1237 1405 1240 1412 ,

93 1466 236 1538 quasque
256 1465 385 1534 magna
405 1442 589 1513 nominum
604 1443 777 1515 varietate
795 1435 979 1538 insignivit
999 1446 1106 1519 Corra.

93 1566 189 1637 llum.
221 1568 335 1638 Fucas
366 1566 459 1640 lled.
492 1567 589 1640 Prot.
627 1564 872 1660 Gottingensis
910 1567 978 1664 Op.
1010 1569 1107 1642 laud.

93 1709 159 1782 pag.
173 1688 243 1764 786
265 1715 344 1786 sqq,
392 1689 437 1760 In
457 1689 527 1761 iltis
542 1688 752 1762 *morborum
770 1689 902 1764 ¹formio
919 1699 1021 1764 reete
1044 1693 1109 1764 dev

95 1812 311 1886 terminandis
329 1812 524 1884 tenendum
547 1827 621 1896 est,
646 1815 732 1884 alias
751 1815 859 1906 magis
882 1814 934 1886 ad.
952 1813 1106 1908 lepram)

93 1931 169 2006 aliar
192 1939 304 2031 magia
327 1938 372 2009 ad
394 1937 606 2030 syphilidem
630 1935 821 2016 secedere.
839 1948 963 2032 ineque
980 1938 1109 2044 deesse

93 2057 234 2147 plurium
261 2063 521 2158 dysorasiarum
548 2063 585 2132 in
608 2060 770 2153 pluribus
797 2061 997 2160 connubia,¹
1026 2064 1109 2156 qun

92 2179 150 2252 hus
167 2183 224 2265 fir,
250 2197 295 2256 nt
316 2209 439 2256 aarum
456 2169 644 2278 dispositio
664 2196 702 2255 et
727 2181 952 2254 elassifioatio
974 2188 1110 2279 magnis

92 2308 560 2396 prematurdiffioultaribum
582 2331 675 2400 quae
687 2319 729 2380 ut
745 2305 993 2398 expediantur,
1019 2332 1108 2400 opus

93 2427 175 2501 loret
203 2432 329 2503 eritioa
357 2431 572 2523 singularum
589 2430 854 2525 perquisitione
877 2428 1003 2524 visque
1027 2455 1109 2502 eon-

92 2551 279 2624 stitutionis
301 2553 508 2628 andemieae
535 2555 791 2649 inultumque
816 2553 977 2630 morbum
1004 2577 1109 2650 expo·
1215 2589 1217 2592 ·
1269 2547 1272 2554 ’

93 2674 220 2748 sitione.
270 2679 369 2750 Haeo
397 2699 483 2748 vero
511 2677 691 2772 quomod
719 2676 968 2772 geographiam
994 2681 1109 2750 medi·

93 2820 159 2866 earn
174 2802 372 2893 pertineat,
391 2800 430 2870 in
449 2783 556 2869 alium
570 2800 689 2874 loeum
699 2801 867 2894 aliudque
882 2811 1021 2908 tempus
1038 2803 1110 2880 dit»

94 2920 228 2994 serenda
256 2923 348 3006 erit,
379 2935 443 2996 aut
466 2921 615 3016 posteris
645 2921 889 3015 relinquenda.

120 3045 279 3119 Fucusrus
295 3046 472 3140 propriam
481 3044 648 3115 familiam
658 3045 818 3116 condidit
835 3045 1108 3140 thymiosarum,

93 3169 252 3262 adspectu
278 3169 426 3262 lungoso
451 3167 667 3247 notabilem,
699 3192 868 3264 quorsum
900 3170 1106 3242 revocavit:

93 3289 328 3364 lramboesiam
345 3289 499 3386 (pauset
510 3289 611 3383 pians
623 3290 701 3362 aliis
714 3291 897 3384 dicuntur)
916 3303 953 3364 et
968 3292 1109 3390 radosy·

94 3438 153 3506 geu
172 3429 208 3486 ot
227 3415 542 3511 pyrophlyetiden‚
567 3415 731 3507 pustulae
749 3413 924 3506 malignae
942 3419 1107 3510 speciem.

93 3538 206 3632 Atque
218 3565 262 3610 ex
279 3540 378 3609 hisee
389 3538 724 3633 thymiosispotius‚
745 3561 850 3633 quam
867 3563 910 3609 ex
929 3541 1007 3611 aliis
1017 3563 1108 3613 mor·

91 3658 207 3730 borum
230 3663 416 3756 generibus
444 3665 655 3756 syphilidem
679 3664 884 3756 provenisse
910 3665 1110 3752 existimat,

68 3786 153 3854 etsi
170 3786 478 3880 fateatur‘lepr'am
496 3810 640 3882 quoque
663 3785 773 3878 hujus
797 3786 866 3856 luis
891 3787 1109 3881 principium

92 3905 209 3978 luisse:
243 3909 452 4002 syphilidom
478 3897 647 3980 nimirum
673 3921 794 3978 natam
826 3930 923 3989 esse,
955 3909 1013 3982 uti
1038 3915 1112 3986 ΡΑ.

91 4045 253 4102 urcnusus
270 4033 343 4125 jam
367 4032 558 4140 docuerat,
585 4056 626 4102 ex
645 4029 845 4125 thymiosis‚
870 4031 969 4126 lepra
988 4047 1026 4108 et
1053 4037 1111 4108 ul·

924 4152 943 4210 6
