2812 4864
301 381 481 469 Qnttustt
512 387 563 496 lili
585 388 726 454 uotats
753 387 895 456 tuntas.
1060 389 1120 454 Μ

87 572 219 654 tinota,
255 569 387 666 frigore
415 571 653 652 subsistente,
681 584 744 643 ant
764 572 917 645 ardente·
928 575 1120 670 plurimum

86 710 190 778 eute,
215 708 424 791 aegrotante
444 696 605 788 aphono,
631 695 796 792 stupido(

75 861 77 866 ·
133 823 186 894 Ea
206 822 443 916 sisogitemus
461 822 647 904 universa,
665 822 877 896 habebimus
896 822 1123 894 febrisends-
1234 873 1236 878 ι

83 950 201 1018 micae
225 947 353 1018 Indiae
382 969 580 1040 expressam
609 946 767 1018 formam.
816 949 863 1019 In
882 949 952 1027 hao
977 949 1122 1023 initiunt

85 1073 129 1144 fis
157 1097 180 1142 a
209 1070 413 1143 memoratis
443 1071 714 1144 intermittentis
741 1072 962 1166 pornioiosae
991 1073 1122 1166 signis:

84 1197 379 1291 horripilatione,
402 1194 526 1267 dolore
552 1197 697 1288 eapitis,
723 1198 883 1277 oardiao,
908 1197 1046 1268 vomitu
1072 1199 1122 1266 sis

83 1335 129 1394 ts
155 1321 302 1401 bilioso,
327 1321 403 1390 sire
426 1319 498 1390 albi
520 1319 648 1392 eoloris
666 1342 709 1390 ao
731 1320 830 1392 febre
854 1301 1122 1415 parumperre⁴

78 1439 273 1524 mittente,
288 1454 519 1516 revertuntur
540 1441 665 1518 eadem
683 1457 933 1540 symptomata,
950 1443 1012 1516 sed
1025 1456 1121 1516 atro-

85 1570 201 1654 eiora3
231 1579 308 1640 tum
337 1565 497 1638 remissio
520 1569 634 1638 omnis
667 1567 769 1640 abest'
788 1581 943 1663 cuteque
971 1569 1126 1670 humida·

84 1691 237 1786 frigidar
256 1689 361 1786 pulsu
374 1713 483 1785 parvo
492 1691 696 1784 irregulari,
710 1692 1030 1788 lingua-nigredine
1048 1701 1122 1764 too:

86 1826 123 1890 ta
145 1826 403 1908 vomentesque
423 1827 462 1888 et
479 1816 679 1887 ventriculo
697 1817 858 1888 dolentes
880 1819 1071 1888 intereunt

95 1979 100 1986 ·
132 1938 274 2033 Quodsi
302 1938 404 2012 hisee
428 1937 721 2040 symptomatibus
747 1939 917 2011 addamus
947 1941 1123 2011 vomitum

81 2064 246 2158 nigrum,
283 2063 377 2136 eutis
400 2061 638 2166 flarsdinem,
673 2064 982 2158 haemorrhagias,
1015 2063 1123 2158 pete·
1149 2051 1152 2056 ¹

85 2188 206 2271 obias,
232 2199 458 2259 excrementa
482 2188 638 2269 foetida,
663 2201 907 2260 extremorum·
920 2189 1047 2282 frigus,
1064 2213 1123 2259 ex-

87 2295 210 2407 surget
228 2311 337 2382 iehris
355 2311 470 2382 flavae
489 2314 708 2383 amerioanae
727 2315 860 2408 imagoz
879 2315 917 2388 in
931 2337 1022 2409 qua,
1040 2324 1130 2410 post

88 2426 289 2513 frustranda
307 2437 444 2507 renisus
460 2437 657 2516 molimina,
677 2435 839 2531 potentia
858 2411 1033 2510 venenata
1043 2462 1125 2532 pro-
1176 2451 1177 2456 ’

87 2561 260 2632 sternitur
279 2583 393 2653 aeger.
1259 2543 1262 2550 ’

100 2705 102 2714 ’
134 2685 374 2762 Adfinitatem
404 2683 609 2754 morborum
635 2683 935 2756 miasmatioorum
958 2662 1051 2756 nihil
1069 2684 1125 2754 lu-

89 2810 269 2880 culentius
288 2809 431 2902 probat,
451 2830 566 2902 *quam
585 2829 737 2901 sequens
766 2807 967 2890 observatio
990 2807 1125 2880 medioi

88 2932 202 3006 iranoi
244 2931 379 3005 Crassis
392 2983 409 3014 ,‚
440 2931 545 3024 eujus
587 2932 752 3003 meminit
788 2933 892 3004 Doot.
925 2933 1045 3004 Evam
1084 2931 1127 3002 in

42 3071 44 3074 ’
92 3054 222 3130 cissis.
247 3053 370 3147 Trsat.
384 3051 439 3128 'oo
465 3056 525 3127 stu
553 3057 713 3130 eudemio
734 3059 859 3150 severs
884 3060 930 3152 of
944 3043 1005 3128 sss
1025 3056 1134 3150 Wost⁸

88 3177 224 3252 Isdies.
269 3180 319 3250 lix
346 3179 393 3253 28
418 3181 594 3252 militibus
619 3180 658 3250 in
685 3183 777 3274 agris
809 3181 989 3276 paludosis
1012 3185 1125 3252 saneti

91 3301 227 3375 bueiae
244 3304 381 3375 insulae
400 3305 630 3398 operantibus
650 3308 743 3375 intra
765 3305 1023 3376 hebdomadem
1043 3305 1129 3375 out„

90 3423 147 3496 lus
167 3407 240 3498 nan
262 3451 369 3520 aeger
394 3428 440 3498 ad
460 3429 703 3500 nosocomium
731 3431 918 3506 traductus
940 3440 1012 3518 ost3
1037 3453 1126 3524 quo-

93 3565 170 3620 tum
199 3562 271 3622 tres
307 3552 452 3629 cholera
482 3554 707 3651 interempti,
735 3553 896 3649 quinque
922 3553 1125 3648 dysenteria

95 3676 212 3762 gravi,
237 3689 392 3769 quatuor
412 3678 760 3774 febreadynamiea,
786 3675 1124 3774 eorporeflaredine

93 3796 228 3870 suffuso
259 3810 296 3870 et
327 3799 442 3874 halitu
473 3803 725 3886 foetidissimo,
759 3804 899 3899 reliqui¹
920 3802 1020 3874 [obre
1043 3825 1125 3896 per·

92 3923 226 3995 niciosa
252 3923 438 4020 prehensi,
464 3927 561 3998 unde
583 3928 660 4010 vix,
698 3951 767 3999 neo
790 3928 859 4000 nisi
884 3949 1021 3998 summo
1042 3949 1125 3998 eum

91 4037 251 4134 peiieuio
271 4050 388 4131 ritae,
413 4061 614 4123 eraserunt
673 4106 677 4115 .
714 4099 717 4104 -
848 4097 862 4106 Νι
900 4097 903 4104 -
