2900 4874
471 367 884 435 ERYSIFELAS.
1154 368 1194 431 23

166 549 268 626 tione
290 573 388 636 csse,
422 547 597 642 ejusmodi
618 546 742 641 plane,
775 548 880 644 quale
907 547 945 618 in
970 547 1086 642 porcis
1111 549 1190 646 qni-

167 673 320 745 busdam
349 674 442 760 cirea
461 673 603 746 interna
621 671 781 755 ridetur,
805 695 898 766 quae
925 673 1104 766 grandinis
1126 697 1192 764 no-

163 798 268 872 minc
285 795 486 890 insignitur.
510 795 731 892 Quandoque
749 819 833 868 vero
854 807 892 876 ct
909 819 973 891 per
988 820 1092 870 omne
1111 819 1192 868 cor·
1295 805 1297 810 '

163 945 239 1016 pne
260 919 475 1001 eminentiae
498 920 670 1013 adparent
692 929 730 992 et
750 921 957 1013 praesertim
970 921 1076 1014 juxta
1098 945 1194 1005 sum.

167 1045 441 1132 manalroutam
461 1055 506 1122 et
522 1055 693 1132 mantum.
740 1041 872 1136 Corpus
889 1057 1075 1138 praeterea
1101 1046 1197 1142 ipso·

169 1193 252 1252 mm
273 1145 438 1262 magnum
456 1190 538 1242 ease
555 1166 699 1242 ridetur
719 1177 757 1239 et
782 1166 966 1260 cujusdam
991 1170 1195 1244 intolerabi-

166 1292 218 1367 lis
246 1292 428 1384 grauitatis
451 1315 572 1368 sensus
595 1291 641 1360 iis
664 1290 785 1362 adest:
820 1291 917 1369 nndc
932 1317 1058 1388 ¹neque
1087 1308 1198 1390 potu,

166 1439 293 1511 noque
314 1415 395 1487 cibo
418 1415 606 1486 admodum
624 1415 781 1488 suaviter
800 1415 1035 1490 delectantur.
1077 1419 1198 1506 ¹Pusil-

169 1541 323 1614 lanimes
352 1539 444 1609 finnt
464 1539 510 1610 ad
531 1539 672 1620 omnia,
696 1562 814 1633 neque
843 1563 928 1634 prae
958 1543 1053 1614 ritae
1076 1566 1196 1614 amore

170 1665 288 1736 vitam
320 1662 522 1756 relinquere
552 1673 590 1732 et
623 1675 847 1734 contemnere
876 1677 1046 1758 possunt,
1081 1690 1205 1760 mrqna¹

171 1785 415 1858 adiectionem
433 1783 544 1879 ipsam
555 1807 724 1876 generoso
743 1785 859 1862 animo
877 1785 1049 1878 perferre,
1075 1811 1199 1860 rernm

173 1911 292 1982 veluti
312 1933 349 1979 se
380 1908 473 2001 ipsos
495 1907 789 1988 condemnantes,
815 1931 852 1977 aa
874 1909 1056 1980 occultant
1078 1922 1116 1980 et
1137 1935 1201 1982 no·

171 2046 235 2112 ‚tos
256 2033 415 2104 homines
435 2032 560 2104 ritant.
609 2028 762 2121 Quidam
787 2055 891 2124 porro
921 2034 1031 2108 exiis
1059 2035 1105 2104 ad
1126 2059 1200 2106 mo·

170 2158 263 2228 dnm
300 2176 443 2234 eorum,
477 2152 541 2246 qni
572 2151 791 2236 suffocantur
819 2162 882 2226 aut
913 2159 1200 2251 strangulantur,

169 2280 327 2360 ,maxime
350 2279 443 2350 circa
459 2299 619 2357 somnos,
643 2275 892 2361 adficiuntur.”

123 2395 125 2402 ’
226 2428 248 2472 s>
263 2403 390 2506 Totum
405 2424 549 2492 corpus,
573 2411 657 2478 sunt
675 2399 783 2470 verba
802 2399 925 2492 Cansr,
951 2402 1117 2482 adficitur
1128 2405 1199 2487 ita,

176 2537 223 2598 ut
241 2547 317 2594 ossa
335 2526 478 2617 qnoque
503 2525 621 2593 vitiari
640 2523 815 2596 dicantur.
856 2527 998 2596 Summa
1016 2529 1103 2620 ,pars
1117 2553 1202 2598 soor·

177 2650 274 2745 poris
303 2646 443 2736 crebras
470 2646 625 2715 maculas
646 2644 858 2742 crebrosque
890 2658 1044 2732 tumores
1071 2652 1199 2724 habet:

166 2774 289 2848 subur
307 2791 435 2840 earum
461 2769 632 2862 paulatim
652 2770 692 2839 in
709 2782 827 2840 atrum
849 2771 1003 2845 colorem
1026 2778 1203 2849 conuerti-

178 2910 261 2986 tur;
287 2917 421 2966 summa
442 2892 534 2962 cutia
553 2891 788 2987 inaequaliter
813 2916 946 2976 crassa,
971 2900 1112 2982 tannis,
1137 2901 1204 2971 du.

177 3043 242 3100 ra,
264 3016 464 3112 mollisque,
489 3015 592 3108 quasi
617 3017 769 3110 squamis
792 3017 1004 3115 quibusdam
1024 3044 1204 3115 exaspera.
1260 3019 1262 3028 ’

181 3155 261 3232 tur;
287 3163 415 3233 eorpus
434 3138 658 3220 emacrescit,
684 3163 742 3240 os,
766 3165 889 3220 surae,
912 3142 1022 3238 pedes
1050 3143 1205 3216 intume-

182 3276 306 3346 scunt,
341 3261 405 3334 ubi
433 3272 537 3332 retus
568 3261 710 3332 morbus
735 3275 816 3346 eat,
848 3263 952 3356 digiti
977 3265 1017 3340 in
1042 3266 1205 3339 manibus

177 3377 404 3487 pedibusque
431 3385 496 3454 snb
526 3396 661 3454 tumore
688 3387 908 3475 conduntur3
930 3385 1107 3466 febricula
1134 3391 1204 3461 ori·

182 3527 260 3595 tur,
285 3533 377 3606 qnae
400 3509 503 3580 facile
527 3520 581 3580 tot
608 3509 707 3582 melia
730 3508 896 3582 obrutum
917 3509 1097 3602 hominem
1120 3536 1205 3604 con·⁴

181 3637 322 3710 sumit.”
434 3654 439 3666 '

231 3759 375 3833 Collatia
396 3766 514 3830 antem
533 3779 653 3826 secum
673 3756 826 3826 invicem
848 3769 1033 3827 auctorum
1050 3756 1205 3855 descrip-

182 3884 342 3955 tionibus
361 3880 428 3950 alia
446 3880 667 3961 inveniemus
683 3881 781 3972 signa
798 3881 1014 3962 communia,
1039 3882 1109 3952 alia
1123 3907 1207 3976 pro·

179 4009 272 4106 pria.
321 4004 382 4080 Ad
401 4004 491 4077 haec
518 4003 675 4097 pertinet
698 4001 808 4074 forma
828 4015 1005 4086 ematosa,
1029 4006 1208 4102 impetigi-
