2872 4870
308 435 973 505 ntnts'tottltttottttottutt.
1099 441 1161 554 {13
1264 509 1281 530 ·
1360 445 1363 452 '

125 615 199 695 lem
221 621 430 695 reserandus
447 623 633 694 manifesta
652 623 819 695 exhibuit
848 623 986 694 cerebri
1004 626 1160 720 genere
1288 712 1291 718 Ἰ

126 768 204 842 que
220 766 408 816 nervorum
431 771 494 842 per
511 747 717 839 sauguinem
736 749 996 840 aegrotantium
1011 749 1157 820 iudicia·

129 871 342 942 Posterioria
368 870 482 939 morbi
508 870 602 939 hanc
621 853 813 940 memoriae
835 872 996 964 prodidit
1016 875 1161 942 relatio·-

125 1017 213 1066 nem
240 995 414 1066 Fontanus
438 1004 575 1064 nostras
605 991 705 1064 Obas.
730 993 793 1061 tib.
812 993 876 1074 vl.
901 1018 979 1089 cap.
1002 999 1036 1074 7.
1085 997 1162 1088 (Est

126 1118 268 1188 scilicet
296 1115 421 1188 relatio
451 1119 570 1188 trum
591 1119 782 1204 Sereana,
808 1116 848 1186 iu
870 1119 1018 1212 epistola
1039 1120 1085 1191 ad
1107 1122 1162 1216 ipa

125 1222 210 1312 sum
239 1241 348 1334 data).
393 1241 484 1311 »De
511 1241 633 1312 morbo
653 1241 808 1335 quodam
826 1239 887 1310 hie
905 1242 1048 1335 publice
1070 1247 1163 1338 grass

128 1377 234 1435 sante
258 1365 435 1458 quaedam
461 1365 616 1436 scribere
637 1359 824 1458 proposui,
849 1388 958 1460 quem
979 1367 1042 1438 hic
1057 1371 1163 1462 vulgo

130 1487 288 1562 Treuero
305 1486 449 1560 -Gatant
472 1503 618 1572 vocant,
633 1479 709 1570 eo,
738 1489 836 1582 quod
868 1512 990 1561 omnes
1008 1492 1164 1584 juvenes

127 1623 170 1684 ct
193 1609 342 1698 maxime
362 1590 554 1684 viridiores
575 1638 618 1684 ex
643 1612 764 1683 medio
785 1609 891 1682 tollit.
920 1615 1081 1711 'Morbus
1101 1617 1163 1686 hio
1219 1596 1223 1608 ¹

128 1731 289 1831 grassans
311 1748 366 1806 est
380 1735 498 1807 ‘febris
526 1738 712 1830 pestilens,
741 1759 834 1828 quae
854 1736 993 1830 singulo
1016 1763 1161 1833 vespere

132 1859 378 1930 exacerbatur.
433 1859 656 1931 decedentia
685 1859 795 1931 febris
829 1859 921 1930 haec
956 1873 1063 1932 suut:
1099 1863 1163 1935 aul

132 1985 306 2054 continua
322 1983 457 2078 vigilia,
483 2007 575 2078 quae
593 2007 736 2075 aegrum
753 1983 799 2055 ad
820 1968 1063 2079 phreriitidcm
1084 1999 1163 2058 tau-⁴

34 2176 38 2183 .
130 2107 215 2178 dem
235 2107 364 2189 ducit,
379 2118 444 2178 aut
471 2108 662 2178 continuus
681 2123 802 2202 sopor,
827 2111 946 2203 qui'ln
961 2111 1164 2206 lethargum

19 2309 23 2318 .
43 2273 53 2280 -
132 2235 282 2302 transit:
310 2233 410 2302 dolor
433 2231 641 2326 pler-umque
660 2223 790 2324 capitis¹
809 2233 910 2305 adest
930 2236 970 2305 iu
986 2239 1164 2332 principio

131 2367 171 2426 et
187 2377 315 2426 renum
334 2355 458 2437 calor,
483 2378 565 2426 cum
598 2357 808 2428 lassitudine
831 2359 964 2450 totiust
991 2362 1166 2432 vermium

132 2479 284 2548 maxima
299 2480 421 2571 eopia,
446 2480 510 2572 qui
525 2505 568 2550 er
587 2481 779 2575 putredine
801 2495 1015 2576 generantur
1029 2485 1165 2578 quique

132 2624 272 2672 sursum
304 2615 470 2695 repentes
500 2603 574 2674 vivi
590 2629 659 2698 vper
677 2627 716 2674 os
733 2617 965 2688 evomuntur,
990 2608 1166 2706 non'sine

84 2727 88 2734 ’
132 2749 263 2818 magno
290 2726 474 2806 cruciatu,
498 2727 551 2798 ita
581 2738 625 2796 ut
649 2725 726 2796 lere
758 2731 967 2822 strangulati
993 2733 1088 2825 aegri
1110 2733 1167 2804 via·

131 2850 299 2922 demitur.
347 2826 534 2943 Plerisque
560 2860 599 2919 et
616 2849 864 2921 exanthemata
892 2866 1085 2947 erumpunt
1113 2857 1168 2926 id·¹

131 2997 206 3070 que
232 2971 412 3067 aliquibus
434 2973 473 3042 in
491 2971 689 3066 principio,
713 2963 786 3047 non
810 2975 886 3078 sine
904 2961 1032 3068 m'egno
1051 2953 1164 3048 malos

129 3097 264 3192 quibus
298 3115 395 3186 vero
415 3097 455 3166 in
483 3095 722 3167 declinatione
750 3121 793 3167 ea
820 3111 1030 3192 appareant,
1057 3099 1168 3194 sig'nis

130 3221 308 3293 coctionis
340 3217 658 3314 praecedentibus,
687 3217 717 3288 ii
748 3217 893 3314 quoque
924 3222 1065 3292 melius·
1084 3246 1169 3296 eva*

131 3346 238 3418 dunt.
262 3385 310 3402 -
333 3343 476 3414 Morbus
499 3335 566 3410 hio
584 3335 797 3436 plerumque
814 3355 941 3436 quarto
962 3345 1022 3417 die
1042 3349 1166 3418 termi-

130 3463 261 3550 natur,
286 3478 349 3537 aut
370 3467 480 3538 ctiam
501 3464 726 3536 undecimo.’¹
1043 3469 1046 3474 '
1258 3443 1259 3446 Ἴ

181 3593 236 3666 De
269 3589 454 3660 curatione
481 3599 625 3671 monet,
650 3589 841 3659 maximum
869 3593 1067 3666 remedium
1089 3609 1167 3672 esse‘
1280 3605 1281 3608 ’

134 3713 408 3812 plebotomiom,
434 3723 510 3782 tum
534 3724 680 3806 propter
709 3705 856 3816 tempus
880 3718 964 3787 anni
994 3729 1168 3807 ternum,

132 3851 212 3910 tum
233 3849 382 3932 propter
406 3817 583 3937 aetateni,
609 3849 684 3908 tum
704 3851 852 3932 propter
873 3841 1060 3914 materiem
1084 3870 1168 3940 pecs

130 3974 287 4032 cantem.
336 3961 381 4031 Se
400 3984 544 4054 quoque
562 3961 619 4031 uti
633 3961 794 4032 mixturis
814 3963 1047 4050 cordialibus,
1073 3993 1167 4065 quaa

132 4085 311 4163 vermium
332 4087 600 4180 generationem
616 4086 830 4180 prohibeant
847 4099 888 4162 ct
903 4111 1001 4160 ocra
1017 4095 1169 4168 materia
