2812 4864
130 1344 473 1429 ourasrtonas
514 1341 905 1404 onocarrurcrr
945 1343 1103 1420 rroua

390 1441 864 1547 crnuocsrrnrcra.
993 1441 1019 1466 ²

159 1820 281 1892 Abeo
303 1819 386 1910 inde
409 1830 586 1912 tempore,
610 1792 682 1920 quo
711 1817 909 1911 intelligere
940 1833 1134 1911 coeperunt

111 1943 262 2024 medici,
287 1943 471 2013 historiam
493 1941 693 2012 morborum
715 1967 792 2012 esse
812 1955 947 2038 partem
965 1944 1136 2016 historiae

113 2068 304 2148 naturalis,
329 2066 438 2136 etiam
458 2066 503 2136 de
522 2064 734 2159 geographia
752 2077 860 2161 atque
881 2067 1137 2163 ethuographia

113 2192 316 2264 morborum
347 2199 541 2282 coeperunt
573 2189 737 2282 cogitare.
773 2173 920 2288 ¹Verum
951 2190 1011 2261 hic
1044 2193 1139 2263 idem

113 2318 255 2397 evenit,
279 2313 375 2410 quod
398 2313 436 2382 in
459 2313 536 2383 aliis
565 2313 709 2404 evenire
741 2314 869 2383 studiis
896 2312 1060 2386 humanis
1082 2341 1137 2387 so-

111 2444 175 2513 let.
223 2417 451 2531 conjecturas
476 2436 671 2518 finxerunt,
706 2433 897 2532 antequam
924 2423 1140 2511 ohservatio-

114 2589 181 2635 nes
208 2562 366 2632 fecerant
385 2547 492 2653 atque
511 2560 607 2652 leges
634 2564 879 2658 sanciverunt,
905 2561 1137 2632 fundamento

114 2684 286 2779 empirice
313 2657 510 2753 destitutas.
567 2683 735 2776 Exemplo
763 2684 834 2753 sint
862 2685 1017 2755 virorum
1047 2686 1141 2757 ccle-

117 2797 352 2882 beriimorum
384 2825 498 2895 nuper
520 2801 589 2874 hac
610 2803 656 2874 de
682 2829 721 2875 re
746 2805 850 2876 edita
877 2808 1033 2901 placita,
1064 2810 1143 2904 qui·

116 2936 184 3007 bus
213 2927 391 3002 firmandis
431 2926 534 2998 deest
568 2925 742 2998 hactenus
779 2914 940 3000 inductio
972 2930 1142 3025 legitima.

118 3057 315 3132 Versantur
334 3052 499 3123 nimirum
520 3053 732 3146 geographia
751 3065 860 3148 atque
884 3053 1143 3150 ethnographia

118 3178 322 3250 morborum
345 3177 382 3246 in
409 3175 530 3270 primis
552 3177 792 3268 rudimentisa
807 3200 848 3247 ex
867 3176 998 3271 quibus
1020 3192 1063 3250 ut
1085 3205 1147 3252 ex·¹
1212 3159 1214 3168 ,

121 3303 267 3384 cedant,
286 3325 383 3395 opus
405 3282 460 3372 est
483 3299 751 3400 itineratorihus
775 3299 939 3384 medicis,
972 3326 1061 3395 quos
1088 3303 1142 3372 in·

121 3437 274 3497 structos
298 3449 373 3495 esse
394 3435 533 3516 oportet
559 3423 722 3494 omnibus
740 3423 810 3494 iliis
838 3423 1004 3497 subsidiis
1015 3434 1030 3507 ,’
1049 3451 1143 3521 qnae
1236 3441 1239 3446 “

121 3549 167 3620 ad
184 3549 256 3620 tale
273 3549 491 3641 propositum
507 3547 759 3640 requiruntur,
779 3548 939 3643 inprimis
958 3573 1042 3620 vero
1069 3560 1144 3621 stu·

120 3674 182 3744 dio
196 3685 344 3742 naturae
363 3671 566 3753 universae,
579 3671 684 3764 quale
698 3674 736 3742 in
756 3672 913 3766 exemplo
928 3671 1030 3741 nobis
1044 3674 1144 3744 exhi·

121 3798 203 3867 buit
218 3794 438 3867 Ataxaunna
458 3796 517 3865 ille
543 3799 808 3876 Huaaomuus.
832 3795 1041 3896 mundanus.
1066 3800 1144 3870 Hac

122 3917 231 4022 igitur
245 3919 352 4012 hujus
373 3917 580 4012 disciplinae
603 3909 807 3992 conditione
830 3919 1025 4011 praestabit
1037 3945 1145 4016 quae.

124 4041 255 4111 stiones
278 4043 412 4137 aliquot
444 4041 693 4137 geographicas
716 4055 824 4136 atquc
851 4039 1147 4140 ethucgr'aphicas

942 4163 978 4220 21
