2834 4874
364 377 617 448 aratoriam.
639 417 678 432 --
698 375 939 445 sctRthlttt.
1116 381 1170 451 tta

135 566 411 641 translationem
435 591 457 637 a
487 566 647 660 partibus
674 565 817 643 inieris,
852 562 913 634 sed
943 573 1080 638 tantum
1107 587 1171 662 per

136 693 432 763 exonerationem
455 693 567 783 ipsius
592 689 760 758 cerebri.''

190 818 251 890 ‚In
290 815 389 884 hisee
423 815 572 884 Fuarsrr
604 822 641 881 et
672 813 842 885 mooun
877 812 1176 904 descriptionibus

132 937 354 1033 imperfecta
381 947 521 1007 tantum
546 935 705 1026 cernitur
717 937 931 1005 ‘scarlatinae
956 938 1084 1016 forma,
1108 961 1175 1008 nea

133 1088 214 1160 que
244 1063 291 1132 ab
319 1062 397 1132 aliis
431 1057 742 1130 anathematibus
776 1082 919 1153 prorsus
947 1060 1103 1132 discreta
1132 1083 1174 1131 aa

132 1199 323 1281 tamquam
349 1205 508 1266 nascens.
557 1183 604 1251 Iu
630 1201 691 1262 aa,
713 1205 832 1278 quam
863 1184 1033 1255 continuo
1062 1186 1173 1279 subji-

133 1313 256 1392 ciam,
283 1311 371 1380 Dra.
391 1311 582 1386 Sannaarr,
609 1283 775 1375 eemitu'r
789 1317 873 1375 nata
891 1317 929 1376 et
955 1307 1171 1381 adolescere

131 1434 341 1506 »Eulalia
366 1431 520 1526 species,
556 1429 618 1498 sed
644 1429 757 1498 rarior
782 1430 945 1522 quidem,
979 1455 1086 1526 quam
1110 1435 1173 1504 cti·

131 1559 282 1657 quoties
305 1557 509 1642 observari3
534 1578 607 1648 quo
624 1554 767 1622 nomine
791 1564 910 1624 tamen
934 1556 979 1623 ab
997 1557 1074 1644 aliis
1097 1556 1172 1628 dia·
1198 1621 1203 1635 ,

131 1703 340 1761 cernerem,
365 1679 496 1750 dubius
519 1677 583 1745 lui.
632 1677 709 1746 Etsi
731 1674 827 1744 enim
850 1678 959 1744 instar
979 1681 1168 1770 erysipela-

131 1809 182 1877 tis
206 1816 324 1876 totum
348 1802 423 1874 lere
448 1823 574 1892 corpur
597 1799 814 1890 prehendat,
841 1809 960 1866 tumen
978 1823 1051 1870 uon
1073 1803 1165 1885 vidi,

129 1927 235 2024 quod
266 1926 423 2005 adultos,
448 1923 546 2016 quod
566 1913 837 2016 in'erysipelate
863 1921 943 1990 fieri
968 1925 1077 2005 uolet,
1102 1926 1170 1998 sed
1199 1923 1203 1931 “

130 2052 292 2124 infantes
310 2049 422 2120 solum
443 2045 620 2140 corripiat.
643 2077 691 2096 -
705 2046 864 2116 Maculae
882 2045 1011 2119 rubrae
1028 2059 1066 2120 et
1078 2073 1166 2144 qua·

128 2181 161 2249 si
181 2177 338 2271 ignitae,
360 2193 442 2244 cum
462 2172 522 2243 rix
546 2170 659 2240 effatu
682 2170 790 2262 digno
812 2180 973 2252 tumore,
996 2194 1061 2265 per
1080 2175 1165 2244 uni.

128 2323 276 2374 versum
309 2303 459 2389 eorpus,
480 2297 583 2390 quasi
602 2294 777 2388 quaedam
800 2315 910 2387 parva
927 2296 1137 2388 erysipelate
1150 2319 1164 2380 ,·

129 2415 343 2514 erumpunt,
364 2421 402 2489 in
423 2419 615 2513 principio,
637 2441 700 2489 seu
720 2416 833 2486 morbi
851 2417 911 2486 die
933 2433 1080 2512 quarto,
1105 2423 1164 2496 rel

127 2545 271 2642 quinto.
320 2543 365 2614 In
394 2547 490 2614 statu
515 2564 601 2612 vero
618 2543 825 2612 universum
853 2563 979 2635 eorpus
1009 2543 1160 2618 rubrum

127 2681 169 2743 et
186 2667 291 2763 quasi
314 2667 466 2759 ignitum
491 2678 654 2758 apparet,
680 2689 723 2736 aa
741 2666 771 2734 si
792 2663 984 2737 universali
1003 2669 1161 2766 erysipe-

125 2795 202 2864 late
225 2789 413 2862 laboraret.
461 2790 506 2858 In
530 2788 769 2858 declinatione
788 2787 896 2857 rubor
912 2789 971 2860 ille
992 2791 1158 2892 imminui

127 2929 166 2988 et
193 2915 354 2986 maculae
379 2913 508 3012 rubrae
534 2913 652 2992 latae,
676 2922 720 2981 ut
742 2911 780 2980 in
802 2910 998 3005 principio,
1024 2916 1157 2986 iterum

126 3051 317 3134 apparent,
342 3060 435 3132 quae
458 3035 601 3106 tandem
619 3036 768 3129 septimo
791 3035 851 3106 rel
867 3057 962 3105 nono
987 3035 1048 3107 die
1074 3059 1158 3111 era·
1256 3073 1260 3080 ¹

125 3175 296 3244 noscunt,
322 3160 540 3254 epidermide
565 3181 790 3252 squamarum
814 3158 925 3229 instar
953 3159 1154 3234 decidente.

125 3289 258 3359 Melum
279 3307 365 3356 vero
388 3284 457 3354 boe
476 3303 581 3374 grave
599 3304 640 3350 ac
657 3281 895 3374 periculosum
914 3291 951 3350 et
973 3305 1077 3378 saepe
1100 3285 1153 3356 le.

124 3411 222 3482 tbale
242 3421 306 3481 est.
342 3409 430 3480 Num
451 3407 545 3476 calor
561 3417 615 3476 est
631 3405 934 3491 ferventissimus,
959 3407 1037 3478 sitis
1054 3408 1156 3482 inex·

124 3534 322 3628 tinguibilis
354 3541 392 3602 et
422 3531 631 3625 plerumque
659 3530 867 3623 pulmonum
900 3527 1009 3616 (unde
1040 3543 1155 3604 tusses

124 3656 338 3748 excitantur)
363 3655 521 3727 leucium
538 3665 575 3724 et
590 3652 739 3724 aliorum
763 3645 938 3724 viseerum
959 3655 1153 3730 inflamma.

123 3781 258 3860 tiones,
283 3779 409 3851 deliria
427 3790 466 3848 et
487 3777 555 3846 alia
577 3763 669 3846 mala
694 3789 832 3869 urgent.
881 3778 926 3846 In
945 3778 1152 3853 declinatio·

122 3927 167 3974 ne
189 3903 333 3975 taudem
350 3903 499 3973 materia
520 3899 566 3970 ad
590 3901 758 3972 articulos
782 3911 1018 3971 extremorum
1038 3915 1152 3976 trans-

123 4027 247 4108 sartur
268 4052 309 4098 ae
336 4029 493 4100 dolorem
524 4034 561 4094 et
584 4023 772 4104 ruborem,
808 4034 850 4093 ut
877 4024 916 4094 in
949 4027 1150 4100 anthritiais
