2834 4874
266 403 309 466 'lO
516 385 718 454 OHOREA
753 372 1054 444 EPIDEMIOA·

270 579 516 658 manifestar03
547 593 630 642 nam
654 569 683 638 si
702 563 881 640 viderint,
904 556 1090 627 mulierem
1115 548 1161 620 ad
1198 573 1312 644 quos·

272 727 417 798 cunque
446 707 611 770 sonorum
633 698 827 762 concentus
850 683 1009 760 veloces,
1034 687 1098 748 ant
1122 676 1242 748 tardos
1265 686 1307 750 et

271 828 405 904 similes
422 824 509 894 alios
534 819 678 895 statim,
703 813 775 882 imo
799 820 838 878 et
861 802 1170 878 indiscriminatim
1190 799 1310 872 salta·

273 978 338 1042 re,
370 950 518 1026 dicunt,
550 963 628 1014 eam
658 961 731 1008 non
756 955 840 1003 rere
875 951 951 1000 esse
987 935 1223 1010 tarantatam,
1250 922 1311 994 uti

271 1085 398 1173 postea
419 1065 638 1165 experientia
660 1073 798 1132 certum
822 1051 1071 1146 comperitur?

334 1201 516 1272 Hactenus
549 1190 761 1270 Bsearvrns3
795 1199 951 1276 quocum
983 1172 1219 1244 conferendus
1253 1181 1312 1248 est

271 1331 480 1402 fiscannus.
505 1314 543 1385 in
563 1335 628 1383 sua
646 1301 900 1398 monographia
927 1323 1006 1392 pag.
1026 1295 1072 1368 43
1096 1319 1171 1390 sqq.
1196 1294 1312 1364 idem·

273 1474 345 1548 que
365 1449 557 1518 Brennus
578 1436 648 1507 ulio
673 1433 769 1502 loco:
806 1426 967 1496 emirum
988 1399 1133 1516 qnoque
1155 1429 1228 1496 est,
1254 1417 1311 1486 in-

273 1574 378 1674 quit,
412 1565 510 1665 quod
539 1560 646 1632 rudes
673 1553 814 1649 puellae
841 1561 880 1620 et
908 1544 1039 1618 inculti
1071 1541 1310 1622 rusticantes‚

275 1700 340 1796 qui
360 1713 519 1786 unquam
536 1709 582 1756 ne
603 1681 771 1754 viderunt
791 1673 938 1770 quidem
956 1668 1133 1739 nobiliora
1154 1664 1310 1734 nausicaa

273 1826 528 1896 instrumenta,
553 1803 754 1886 saltationis
779 1811 899 1882 tamen
920 1805 1077 1887 tempore
1107 1799 1179 1860 tam
1198 1788 1311 1880 periti

274 1946 431 2021 evadant
459 1931 757 2008 dissonantiarum
790 1935 828 1994 et
857 1917 1166 1990 consonantiarum
1197 1911 1310 1984 artifi.

273 2095 336 2144 ces
362 2078 400 2138 et
427 2055 622 2134 censores.”

331 2183 495 2266 Methodi
524 2176 771 2250 salubritatem
792 2164 1025 2262 sequentibus
1053 2160 1213 2234 indicat:
1244 2185 1267 2230 >r
1287 2183 1312 2230 a

274 2313 454 2393 tarantula
483 2301 637 2377 demersi
664 2297 784 2392 paullo
800 2304 882 2389 post
900 2291 1001 2361 humi
1029 2284 1225 2358 concidunt
1251 2307 1312 2354 ser·

274 2434 482 2517 mimortui,
520 2448 602 2498 cum
630 2421 733 2494 totali
773 2418 902 2488 virium
928 2426 967 2486 et
993 2432 1160 2484 sensuum
1185 2409 1310 2503 jactu·

275 2591 334 2648 ra,
357 2554 550 2634 difficulter
566 2545 783 2642 quandoque
809 2540 959 2636 spirant,
984 2534 1200 2634 quandoque
1229 2533 1311 2602 luo.

276 2704 381 2764 tuose
410 2679 608 2772 suspirant,
642 2670 850 2762 frequenter
882 2675 1002 2734 tamen
1034 2657 1232 2729 immobiles
1253 2655 1312 2748 ja.

276 2821 362 2887 cent
388 2831 432 2880 ac
462 2800 564 2875 relut
593 2794 781 2865 exanimes.
830 2787 1006 2858 Inchoato
1037 2784 1190 2853 musices
1221 2803 1311 2853 sono

276 2933 408 3011 sensim
435 2929 624 3001 mitescere
654 2909 835 3009 incipiunt
858 2915 1092 3004 symptomata
1120 2914 1206 2974 ante
1233 2903 1312 2973 dic·

274 3072 333 3142 ta,
358 3075 463 3149 aeger
490 3047 641 3139 digitos,
665 3062 813 3122 manus,
838 3057 918 3104 mox
941 3028 1051 3124 pedes
1076 3050 1220 3098 morere
1251 3025 1312 3094 in-

275 3185 367 3281 cipit
397 3187 438 3250 et
465 3169 665 3246 successive
692 3174 834 3234 caetera
864 3154 1025 3230 membra
1053 3160 1311 3244 crescenteque

275 3327 443 3382 sonorum
466 3292 729 3369 modulamine,
753 3283 966 3374 motusipse
986 3274 1223 3348 membrorum
1243 3295 1312 3341 au·

277 3443 382 3526 getur
413 3435 452 3495 et
483 3421 513 3492 si
537 3417 677 3511 patiens
705 3409 808 3482 humi
839 3407 964 3500 jacet,
997 3397 1312 3473 vehementissima

275 3559 325 3628 in·
343 3547 453 3648 pedes
494 3543 677 3618 elevatur,
714 3530 923 3604 saltationes
952 3522 1118 3604 inchoat,
1155 3523 1311 3614 suspirat

275 3689 315 3750 ct
337 3671 452 3745 modia
469 3666 545 3740 iere
571 3655 788 3734 admirandis
816 3659 1092 3743 contorquetur;
1118 3643 1312 3717 vehemen-

276 3815 333 3874 tes
355 3800 481 3870 hasac
508 3787 640 3884 primas
667 3777 873 3853 saltationes
902 3771 1066 3866 pluribus
1096 3769 1211 3848 horis,
1244 3767 1312 3838 sed

278 3925 485 4016 frequenter
511 3910 674 3988 duabus,
700 3903 815 3975 tribus
842 3897 939 3968 horis
967 3895 1176 3973 continuat,
1212 3901 1311 3984 post-

222 4067 230 4074 ·
273 4071 381 4148 quam
406 4065 491 4116 vero
517 4033 702 4133 paululum
729 4021 910 4123 quieverit
938 4021 977 4092 in
1006 4019 1101 4090 lecto
1125 4014 1171 4087 ad
1201 4014 1314 4090 sudo-
