2834 4874
284 373 341 436 tot
538 367 713 430 HISTORIA
734 367 1052 436 THERAPEUTICES.

284 530 373 627 meri
403 550 541 646 potuit,
566 525 651 618 oum*
679 551 780 642 prius
804 552 880 624 sive
911 571 974 648 per
997 547 1206 628 alterantia.
1240 517 1314 624 sivo

282 701 347 775 per
367 683 484 746 ainana
504 661 805 766 adstringentibus
825 691 862 748 et
886 677 1089 750 volatilibus
1110 676 1238 770 junctu
1260 689 1306 746 to-

279 804 351 874 ties
368 801 546 872 ineassum
572 791 863 892 oppugnabatur.¹

330 928 477 998 Praetor
499 919 640 994 morbos
666 921 872 1015 pandemios
898 933 1041 1006 acutos.
1066 920 1174 994 otiam
1199 923 1309 994 morbi

280 1045 464 1144 paudomii
491 1042 651 1150 ebroniei
680 1045 765 1116 novi
788 1051 902 1118 exorti
927 1059 1011 1118 suut
1034 1049 1224 1126 continuo,
1248 1071 1308 1118 no·

280 1193 361 1245 nam
372 1169 458 1263 jure
477 1191 541 1250 suo
565 1167 786 1262 postulantes
808 1169 975 1242 medendi
1000 1169 1219 1242 methodum.

327 1295 430 1366 Inter
455 1291 521 1364 hos
548 1293 621 1363 duo
651 1295 874 1385 potissimum
902 1293 973 1365 hoo
996 1305 1154 1390 ternpore
1185 1293 1313 1364 extite-

281 1429 366 1490 runt
391 1439 464 1488 nou
490 1415 535 1486 ad
563 1415 685 1486 orbem
717 1417 917 1498 classicum,
945 1417 1007 1491 rod
1033 1417 1078 1489 ad
1102 1418 1221 1488 orbem
1246 1441 1311 1488 uo·
1372 1459 1387 1482 s

279 1563 366 1614 vum
390 1539 629 1634 pertinentes:
661 1538 871 1634 syphilidem
904 1540 984 1613 voio
1011 1555 1051 1613 et
1080 1540 1307 1611 soorbuturn:
1412 1539 1413 1592 ἒ

280 1685 433 1761 quorum
455 1662 509 1733 illi
531 1662 604 1735 duo
623 1664 816 1758 praecipue
843 1665 1000 1736 remedia
1021 1667 1182 1760 opposita
1208 1674 1309 1732 sunt:
1412 1647 1413 1650 Ἴ

280 1788 481 1874 mercurius
512 1788 588 1858 soil.
612 1798 651 1859 et
673 1785 879 1882 guajueum‚
911 1811 1014 1884 saepe
1043 1787 1092 1858 de'
1110 1790 1314 1884 principatu

281 1913 477 1996 certantia3
501 1910 587 1982 huic
617 1936 701 1983 vero
733 1911 889 1982 curando
919 1923 957 1982 et
978 1899 1119 1984 'herbae
1149 1924 1312 1982 recentes

282 2057 382 2106 aoros
406 2043 445 2104 et
467 2032 590 2104 acidae
611 2034 685 2105 sire
707 2033 869 2104 acidulae
890 2033 990 2106 suere
1009 2059 1031 2107 o
1051 2036 1199 2108 medicis
1216 2035 1312 2107 salu·

280 2159 394 2230 briter
416 2156 667 2252 praescriptae·

298 2297 304 2306 ’
329 2282 402 2354 Diu
427 2292 544 2351 tamen
572 2280 782 2376 perennavit
807 2292 969 2382 reterpm
1001 2285 1250 2378 gelenistarum
1274 2299 1313 2358 et

282 2404 514 2477 strabistarum
537 2401 671 2499 praxis,
695 2416 738 2477 ut
756 2405 847 2476 nulli
866 2406 990 2476 morbo
1017 2407 1094 2480 siue
1123 2433 1313 2482 senneser:-

282 2529 381 2602 tione
405 2539 444 2600 ot
470 2526 681 2622 purgatione
715 2527 851 2599 mederi
890 2553 992 2622 posse
1033 2531 1315 2606 existimaverint

280 2650 414 2722 m'ediei
447 2661 555 2748 atque
584 2668 658 2721 non
687 2661 826 2722 tanturn
851 2675 916 2747 per
948 2676 1051 2724 omne
1080 2678 1208 2728 aevum
1237 2681 1313 2728 me·

280 2775 403 2857 dium,
427 2797 553 2847 rorum
571 2773 680 2847 etiam
697 2799 761 2868 per
779 2775 880 2868 plura
897 2773 1016 2848 secula
1033 2775 1203 2876 deinceps
1220 2781 1314 2852 haee

281 2898 490 2993 sauguinem
516 2897 731 2969 detrahendi
758 2898 949 2994 alvumque
971 2899 1144 2995 purgandi
1170 2904 1312 2974 metho-

280 3025 349 3096 dus
371 3022 563 3117 praecipua
589 3034 702 3104 esset,
737 3022 783 3092 ad
813 3046 921 3116 quam
942 3047 1064 3096 omnes
1089 3025 1164 3098 iere
1194 3027 1312 3097 morbi

278 3170 355 3220 soso
376 3144 645 3218 adcommodare
665 3145 892 3238 cogebantur.
971 3219 973 3224 ,

296 3293 303 3302 ·
327 3269 485 3341 Tandem
505 3267 603 3340 leute
621 3265 766 3338 demum
785 3293 879 3341 nova
900 3269 987 3343 huie
1006 3273 1155 3343 accessit
1177 3297 1240 3367 por
1256 3275 1310 3344 ai·

279 3389 448 3472 terentia,
467 3417 559 3486 quae
577 3391 730 3487 primum
744 3392 928 3474 namnida,
954 3394 1234 3488 alexipharmaca
1247 3399 1310 3469 ad-

277 3514 519 3596 ministrabat,
542 3528 667 3608 postoa
692 3539 775 3586 vero
800 3527 838 3586 ot
858 3517 1036 3587 metallina
1060 3517 1309 3592 administrare

278 3641 417 3735 coepit,
451 3644 603 3735 quotum
627 3640 740 3711 virtus
767 3662 850 3709 vore
875 3640 1020 3711 heroica
1051 3643 1308 3737 posterioribus

277 3765 422 3836 demum
439 3761 568 3838 seculis
586 3762 657 3835 rite
676 3763 862 3848 aestimata
883 3777 938 3838 est
955 3791 1091 3862 suoque
1112 3767 1227 3861 pretio
1245 3767 1308 3839 ha·

276 3887 364 3960 bita.
1187 3869 1191 3880 ’

326 4010 502 4085 Cortioom
527 4033 612 4082 vero
629 4013 864 4105 peruviauum
889 4013 986 4108 quod
1012 4013 1175 4100 adtinet,
1199 4013 1308 4110 hujus
