2834 4874
285 371 346 436 tto
568 361 1040 430 ttttstttttttnttwa

286 552 402 649 primo
420 557 492 632 ‚aut
508 545 664 620 seeundo
681 544 936 640 aegrotationis
965 543 1025 616 die
1049 545 1209 618 maoulae
1227 546 1319 620 latae

290 689 329 750 et
349 668 573 746 rubicundae
591 667 765 742 morbillis
784 665 916 738 similes
932 667 1058 742 intoto
1076 691 1222 766 corpore
1242 695 1320 746 aen.

289 803 358 888 sim
380 794 584 891 eruperint.
617 789 752 890 quibus
784 789 887 862 brevi
911 803 1035 884 postea
1063 795 1247 880 ewaldis,
1271 797 1319 870 le·

287 923 362 996 bria
381 920 503 994 atatim
527 916 701 990 intensior
721 927 759 986 et
778 915 972 1012 praecipue
1000 913 1211 993 affectiones
1231 922 1322 1016 eapi-

289 1049 338 1120 tis
367 1045 472 1141 longe
508 1041 687 1136 moriame
721 1049 925 1113 evaserunt.
977 1038 1118 1116 ,Exinde
1150 1044 1320 1137 mroadam

216 1225 221 1238 .
290 1182 413 1272 torpor
435 1187 604 1239 sensuum
624 1176 662 1236 et
680 1161 915 1238 somnolentia
942 1186 1006 1257 per
1028 1164 1148 1258 plures
1169 1165 1249 1240 dies
1267 1168 1321 1240 in-

293 1300 500 1371 cesserunt.
522 1299 569 1360 ut
595 1287 672 1361 sine
695 1285 859 1380 loquela.
884 1295 948 1357 aut
975 1286 1169 1362 amicorum
1193 1290 1322 1368 notitia

291 1414 393 1488 velut
412 1410 616 1490 moribundi
636 1410 700 1484 diu
716 1409 908 1506 jacuerint.
956 1408 1048 1482 Novi
1071 1411 1159 1488 alios
1179 1409 1267 1488 hine
1286 1415 1321 1490 in

290 1535 493 1634 lethargum
516 1533 675 1632 aliosque
696 1533 735 1608 iu
753 1531 975 1628 apoplexiam
993 1532 1196 1627 oonieetos,
1217 1559 1322 1631 quos·
1401 1589 1402 1608 r

291 1661 374 1744 dam
394 1661 432 1734 in
454 1656 582 1733 deliria
602 1667 640 1728 et
664 1654 858 1751 phrenesin
883 1653 1063 1729 inuidisse.
1110 1658 1164 1733 Ex
1192 1659 1252 1733 his
1267 1661 1322 1753 ju.

291 1785 412 1862 niores
440 1792 479 1855 et
499 1780 666 1854 robustae
686 1777 815 1850 aetatis
843 1777 1005 1854 hominos
1030 1777 1116 1868 (non
1140 1780 1221 1852 sine
1248 1781 1322 1852 dio.

295 1919 404 1983 turno
437 1916 557 1979 tamen
593 1904 762 1999 languore
796 1910 835 1972 et
866 1900 977 1974 dubie
1016 1904 1322 2000 saevaesaeuae)

294 2027 494 2122 eomplures
521 2035 733 2112 eraserunt3
757 2026 895 2098 interea
916 2048 1036 2110 senes,
1061 2025 1147 2098 aliea
1165 2029 1324 2104 irnheeil·

292 2154 346 2228 les
365 2174 408 2222 ao
426 2148 719 2222 invaletudinarii
733 2149 864 2246 passim
880 2147 1086 2221 interibant.
1135 2149 1211 2242 Qui
1225 2152 1323 2228 tene

293 2274 397 2348 velut
424 2274 596 2346 continua
625 2295 706 2344 eum
735 2273 814 2344 istis
839 2271 1070 2366 malignitatis
1097 2276 1193 2346 notis
1221 2276 1324 2368 deeu-

291 2399 472 2479 buerunt,
496 2395 645 2466 rariores
663 2406 702 2466 et
720 2396 759 2466 in
781 2394 995 2490 quibusdam
1018 2407 1159 2478 tantum
1174 2401 1324 2482 aedibus
1400 2429 1401 2474 t

157 2533 159 2539 '
295 2520 479 2617 sporadiee
492 2517 622 2606 vallecti
652 2517 859 2590 extiterunt.
908 2516 1122 2610 Quaerere
1145 2522 1184 2596 in
1207 2538 1324 2601 nostra

288 2645 429 2741 ¹vicinia
454 2640 642 2736 aegritudo
668 2641 954 2714 communissima
976 2655 1131 2738 grassans
1156 2647 1323 2741 plurimos

295 2769 443 2843 incessit
460 2778 569 2861 atque
592 2765 788 2836 etiamnum
804 2765 960 2861 graviter
981 2765 1177 2850 desaeviit,
1203 2783 1323 2868 typum

289 2893 406 2986 *febris
423 2890 715 2972 intermittentis,
740 2888 814 2962 soil
839 2899 904 2962 aut
929 2889 1106 2962 tertianae
1131 2905 1194 2966 aut
1211 2895 1324 2990 quoti-

286 3017 423 3104 dianae
450 3011 584 3094 imitari
613 3009 768 3082 videtur.
796 3045 843 3062 -
874 3012 953 3088 lloe
978 3023 1105 3091 tamen
1127 3015 1323 3114 plerisque,

296 3139 424 3236 (paene
448 3133 598 3206 dixerim
622 3132 800 3226 omnibus)
831 3157 1017 3210 commune
1037 3148 1119 3222 eat,
1143 3163 1217 3212 nna
1243 3165 1322 3220 enm

296 3255 1158 3358 mmfflmmfflmmn
1399 3331 1400 3356 χ

325 3359 434 3461 'Cum
452 3381 578 3476 itaque
596 3377 667 3455 hoe
688 3379 812 3454 morbo
835 3383 1011 3479 quispiam
1030 3384 1203 3480 afficitur„
1226 3387 1323 3471 dolor

296 3511 336 3584 iu
357 3504 475 3604 eapite
494 3516 533 3574 et
547 3526 622 3574 non
638 3527 717 3576 raro
738 3505 945 3588 retumbis,
970 3530 1052 3580 oum
1080 3508 1156 3602 siti,
1181 3510 1322 3604 inappa-

286 3611 432 3712 tentia.
456 3625 667 3700 lassitudine
684 3637 879 3726 spontanea
896 3652 938 3700 ae
956 3632 1093 3714 odore,
1110 3631 1200 3708 lieet.
1210 3635 1322 3717 mnas

296 3759 455 3853 intenso,
481 3751 560 3845 eJ'us
583 3750 776 3824 adventum
794 3751 972 3850 produnt:
998 3756 1028 3826 si
1039 3751 1085 3826 'in
1106 3778 1252 3852 corpore
1264 3755 1322 3850 ju-

284 3879 410 3976 ,venili
431 3874 614 3970 sanguinis
645 3873 764 3946 floridi
792 3886 830 3946 et
852 3879 1123 3974 temperamenti
1150 3877 1322 3953 calidioris

283 4000 460 4110 tanaitas,
484 3999 582 4074 circa
608 3999 689 4094 ejus
715 3998 861 4076 initium
888 4002 1085 4096 paroxysmi
1106 4002 1235 4098 frigore
1262 3987 1320 4091 aut
