2834 4874
263 387 327 456 iffi
520 349 524 358 Ι
609 401 949 458 enruvurm

261 571 405 634 duodecim
427 569 526 644 horas,
555 569 694 632 interdum
715 570 788 628 iutra
809 572 947 648 mucimus
971 575 1019 630 aut
1042 567 1110 630 tollit
1135 567 1295 647 homiuem,

261 689 310 746 aut
325 687 426 744 eertum
443 680 513 742 vitae
527 700 601 760 spem
621 679 739 760 praehet.
779 681 867 758 Atque
884 678 963 738 initio
978 677 1105 758 quidem,
1127 686 1158 740 ut
1173 682 1222 755 fit,
1244 684 1298 742 ses·

262 791 321 856 tino
345 789 439 870 affligit
462 787 580 860 sudore,
608 787 653 850 sed
678 790 774 868 igneo,
794 788 887 848 odoris
903 788 1054 848 teterrimi:
1083 789 1172 852 visum
1202 797 1241 850 est
1264 810 1298 850 ex

262 919 342 962 amne
358 896 546 980 phlegethonte
565 898 693 959 emissum
711 898 761 958 hoc
781 897 892 962 malum.
933 899 1043 976 Ungues
1060 899 1229 976 potissimum
1249 921 1298 964 ex·

262 994 382 1082 cruciat,
403 1006 457 1070 ales
470 1007 507 1066 ita
527 1006 699 1089 comprimit,
719 1013 751 1066 ut
769 1008 871 1068 etiamsi
892 1007 975 1078 velis,
995 1025 1050 1064 non
1066 1008 1149 1088 possis
1166 1009 1296 1070 attollere.

263 1101 318 1196 Qui
336 1118 450 1178 fervoris
470 1122 547 1177 eraut
572 1115 741 1195 impatientes
765 1121 792 1175 et
813 1135 909 1174 auram
932 1114 1034 1196 largius
1054 1116 1249 1192 admittebant²
1268 1116 1298 1177 hi

261 1229 319 1289 lere
348 1227 436 1288 subito
460 1225 569 1287 extincti
595 1232 668 1285 sunt
708 1225 815 1284 Rursus
838 1223 882 1283 alii
905 1244 968 1284 eum
999 1225 1244 1286 animadverterent
1269 1225 1297 1286 id
1407 1283 1408 1288 ,

262 1337 449 1418 compluribus
469 1335 612 1396 infeliciter
631 1335 754 1407 cessisse,
775 1332 842 1393 dum
868 1333 897 1394 in
922 1332 1055 1394 diversam
1075 1335 1189 1394 tendunt
1213 1335 1299 1394 ratio·

262 1467 345 1520 nem,
366 1445 396 1508 in
416 1444 488 1504 idem
508 1450 567 1503 tum
594 1442 705 1506 unitim
719 1441 882 1502 inciderunt
922 1441 992 1502 Nam
1013 1442 1124 1503 occlusis
1143 1444 1221 1505 rimis
1236 1465 1298 1505 om-

262 1557 343 1619 uibus
369 1561 396 1616 et
424 1554 538 1616 exaiulo
561 1551 624 1633 igne
656 1551 762 1632 copioso
791 1552 930 1632 opertique
955 1551 1100 1631 stragulis,
1129 1572 1184 1633 quo
1213 1555 1300 1634 magis

200 1685 208 1691 ·
261 1665 400 1746 tutiusque
428 1661 575 1735 sudarent,
607 1667 681 1720 aestu
709 1659 853 1740 praelocati
884 1665 956 1722 sunt.
1007 1659 1178 1724 Praesentius
1206 1642 1308 1726 tamen

262 1773 374 1834 erilium
400 1770 535 1831 adferebat
560 1769 705 1830 admissum
737 1768 832 1850 frigus.
881 1768 1002 1828 Tandem
1030 1775 1137 1848 reperto
1163 1777 1299 1850 temperas

261 1889 370 1956 mento,
392 1880 477 1944 multo
499 1879 591 1958 plures
612 1880 648 1938 ab
670 1878 763 1938 eodem
792 1879 889 1936 morbo
909 1877 1122 1952 convaluerunt,
1142 1899 1225 1958 quam
1250 1899 1298 1942 ax.
1408 1881 1409 1884 ’

259 1991 339 2052 lineti
364 1994 439 2048 suut.
479 1987 580 2046 Tamen
602 1993 678 2046 tanta
696 1986 753 2046 lues
776 1986 899 2047 noudum
919 2007 951 2048 eo
978 1993 1101 2066 tempore
1122 1987 1226 2048 invenit
1245 2008 1298 2047 no-

260 2118 344 2166 meu,
365 2115 416 2156 nee
436 2092 523 2156 ullum
550 2093 640 2156 efficax
663 2093 699 2152 ab
717 2098 776 2153 arte
796 2093 900 2155 medice
922 2094 1072 2156 remedium
1098 2095 1229 2162 haetenus
1251 2117 1297 2158 re-

260 2212 370 2288 pertum
396 2209 444 2268 est.
484 2203 549 2262 Post
568 2204 629 2282 jam
648 2207 688 2262 tut
712 2202 785 2265 orbis
804 2203 953 2277 tumultus,
974 2211 1034 2282 post
1050 2203 1139 2278 helle,
1158 2211 1219 2286 poet
1233 2226 1296 2272 eas-

260 2317 326 2386 der,
353 2318 411 2394 post
429 2311 588 2391 opinionum
614 2310 738 2382 dissidia,
766 2317 826 2391 post
847 2331 945 2372 rerum
964 2313 1087 2372 omnium
1113 2319 1139 2374 et
1160 2314 1298 2378 caritatem
1409 2331 1410 2376 1

262 2424 446 2504 olimpium,
466 2419 595 2502 alsus,
622 2419 749 2482 translata
770 2428 809 2482 est
831 2421 897 2485 baec
915 2421 973 2484 lues
998 2442 1031 2482 ex
1056 2420 1153 2502 duglia
1174 2422 1205 2482 in
1225 2423 1299 2482 llor-

259 2555 360 2616 τοροῦ,
375 2532 479 2591 'Dauos
505 2548 625 2612 quoque.
665 2529 770 2589 Deinde
785 2531 896 2590 -iuriose
920 2530 1111 2610 perambulans
1137 2531 1299 2606 rotonum,

260 2644 296 2706 de
315 2661 401 2723 regno
413 2641 444 2702 in
463 2658 597 2720 regnum,
608 2638 665 2728 de
675 2639 814 2717 provincia
833 2640 862 2704 iu
880 2640 1068 2724 provinciam,
1089 2637 1244 2704 decivitate
1267 2643 1298 2704 in

261 2753 415 2826 civilatem,
442 2749 554 2810 advorso
578 2747 683 2810 Rheno
701 2748 861 2830 demigravit
885 2750 913 2808 in
934 2748 1130 2821 Germaniam,
1150 2750 1299 2828 perambu-

260 2859 341 2922 lando
369 2859 449 2920 eliam
478 2864 561 2919 totam
592 2858 634 2920 vel
654 2845 787 2938 majorani
814 2859 872 2937 ejus
890 2863 1012 2936 partem,
1042 2857 1159 2920 civitates
1190 2880 1300 2943 quoque

261 2967 404 3032 orientales
422 2965 581 3042 nonnullas,
603 2963 633 3027 ui
648 2967 858 3045 llamburgunn‚
879 2964 1024 3038 Brontem,
1046 2966 1200 3042 Lubecam‚
1221 2969 1301 3030 Dan-

260 3079 359 3140 tiscuru
375 3084 402 3138 et
417 3097 435 3136 a
450 3075 560 3136 Polonia
576 3075 607 3134 iu
627 3075 803 3145 Germaniam
816 3074 948 3155 pervenit
989 3075 1108 3136 Tandem
1126 3082 1187 3158 post
1205 3097 1301 3140 mnem

261 3185 446 3250 descendendo
468 3204 517 3263 per
537 3183 687 3258 Rhenum,
707 3183 742 3244 ab
760 3181 908 3266 Agrippina
934 3183 1064 3257 Colonia,
1085 3184 1238 3246 incredibili
1255 3207 1301 3250 ce·

263 3297 368 3358 leuitate
393 3294 427 3356 ad
450 3313 528 3374 agros
551 3291 714 3354 lubecenses
737 3313 769 3353 ae
788 3293 950 3356 Leodienses
968 3293 1144 3376 demigravit:
1170 3293 1245 3356 illinc
1266 3295 1301 3356 ad

264 3405 433 3478 Brabantos‚
465 3402 615 3474 blandum,
644 3401 678 3462 ad
700 3402 838 3464 Geldriam
863 3409 944 3482 atque
969 3401 1155 3464 Transilvanoe
1181 3410 1208 3463 et
1228 3405 1301 3466 intre

262 3533 360 3595 paucos
376 3513 431 3573 dios
450 3509 483 3570 ad
501 3511 655 3590 Trajeetum
674 3513 805 3590 pervenit.
844 3509 924 3570 Illinc
941 3511 997 3571 aeri
1016 3511 1127 3572 incursu
1146 3511 1304 3574 llollandlae

262 3622 360 3683 limites
377 3620 508 3682 hostiliter
527 3621 641 3693 invasit,
662 3641 729 3701 quoe
754 3619 810 3680 suis
833 3619 971 3679 venenosis
995 3619 1053 3678 telis
1077 3621 1148 3682 mira
1164 3621 1302 3683 velocitate

239 3732 358 3792 ⁶·inleeit
379 3750 490 3804 omnes,
512 3729 573 3790 solis
596 3729 772 3790 llemarianis
793 3736 819 3790 et
837 3729 1017 3789 Waterlandis
1035 3749 1087 3808 pro
1105 3732 1208 3816 majore
1224 3739 1301 3811 parte
1410 3721 1411 3752 ¹

263 3840 315 3901 heo
340 3840 385 3900 lue
411 3840 523 3900 minime
553 3839 666 3901 iniectis.
713 3832 957 3899 Amstelrodamum
986 3860 1068 3912 vero,
1097 3845 1126 3898 iu
1152 3861 1207 3926 qua
1233 3842 1300 3902 urbe

265 3951 405 4011 Tmarus
434 3949 597 4010 medicinam
621 3949 749 4023 iaciebat,
771 3945 810 4007 27
828 3949 994 4028 Septembris
1014 3947 1108 4009 eodem
1129 3970 1202 4009 auno
1222 3949 1299 4011 1529

263 4067 323 4143 post
339 4057 485 4142 prandium
500 4079 550 4141 per
569 4065 659 4124 a'e'rem
682 4077 837 4143 quenquam
857 4058 1019 4122 nebulosum
1039 4058 1218 4122 subintrabat.
1259 4059 1301 4122 lla
