2834 4874
347 259 369 320 ι

282 391 339 452 ΠΟ
523 393 708 456 FEBRIS
749 395 1055 458 HUNGlRle

282 585 356 644 tem
380 582 498 644 aestus
519 571 620 642 illum
637 573 801 667 excepit,
826 575 890 668 qui
912 575 989 647 dies
1006 587 1203 674 nactasque
1229 580 1319 652 assi-

281 698 354 768 due
370 721 431 770 eos
450 695 646 768 detinebat.
695 697 946 790 Querebautur
966 700 1127 794 inprimis
1150 702 1197 771 de
1214 707 1313 796 capi-

279 821 327 893 tis
346 821 480 892 dolare.
529 820 668 894 Deinde
689 845 796 892 manu
815 823 1125 916 quuqueadmata
1145 826 1314 900 ostende·

277 944 367 1017 bant
379 944 447 1016 sub
466 955 586 1016 sterno
597 947 777 1037 regionem
800 945 846 1014 ad
866 945 1108 1038 cartilaginem
1125 969 1314 1018 mucrona·

276 1080 370 1152 tam,
394 1067 460 1140 ubi
484 1068 613 1140 erilieii
636 1068 830 1140 ventriculi
859 1066 963 1138 sedes
992 1069 1098 1162 vulgo
1126 1071 1309 1142 creditur:

276 1193 329 1262 ibi
350 1191 515 1264 omnibus
535 1191 710 1288 quaedam
737 1192 932 1264 renitentia
952 1201 991 1262 et
1010 1191 1161 1264 durities
1186 1195 1311 1266 obser·

276 1315 446 1395 vabatur,
472 1293 576 1408 cujus
595 1315 706 1385 etiam
726 1295 898 1387 attactum
918 1339 991 1387 non
1014 1315 1188 1388 ferebant.
1219 1321 1309 1390 Sitis

274 1439 486 1512 inexhausta
505 1437 628 1532 primis
650 1441 768 1510 statim
788 1421 918 1512 diebus
946 1441 1101 1526 aderat,
1095 1443 1307 1536 postridie,

274 1567 321 1638 ad
349 1585 524 1636 summum
554 1561 660 1632 tertio
687 1563 748 1634 die
773 1565 900 1634 deliria
927 1565 1184 1647 adveniebant,
1206 1590 1307 1682 quae

273 1701 329 1762 sat
355 1688 421 1760 diu
444 1685 729 1781 perseverabant.
770 1667 1075 1761 Eracerbaticnes·
1089 1700 1190 1762 erant
1207 1693 1306 1760 circa

269 1822 475 1909 vesperam,
501 1821 541 1882 et
571 1821 806 1904 pernoctem
835 1812 1111 1884 recrudescebat
1130 1813 1304 1884 morbus.

269 1939 394 2032 lingua
413 1945 490 2005 erat
509 1933 625 2016 arida,
650 1934 746 2004 labia
765 1935 864 2018 fissa,
887 1916 1102 2029 quibusdam
1121 1937 1306 2030 sanguinii>

270 2072 416 2157 sputum
446 2057 743 2147 superveniebat,
767 2059 966 2141 nonnullis,
997 2061 1147 2131 materia
1164 2085 1228 2155 per
1246 2063 1302 2133 al·

268 2207 355 2258 vum
372 2191 563 2262 evacuata,
582 2182 745 2252 salutaris
766 2183 865 2254 crisis
883 2183 1089 2256 accedebat.
1112 2187 1302 2270 Pluribus,

264 2283 343 2381 'imo
363 2305 528 2378 omnibus
549 2305 645 2387 lere,
670 2308 819 2377 materia
838 2332 859 2376 a
877 2305 993 2400 capite
1005 2305 1047 2377 'in
1064 2333 1166 2380 aures
1183 2291 1301 2382 'seces'-

133 2430 134 2436 ’
267 2433 404 2506 sionem
422 2427 596 2502 iaciebat:
621 2427 718 2499 unde
737 2431 928 2503 surditates
946 2455 1060 2526 eaque
1075 2415 1300 2527 sequestrata
1415 2517 1416 2522 η

266 2555 417 2630 materia
437 2553 562 2624 salutis
584 2564 832 2643 argumentum
857 2554 1063 2648 praebebat.
1110 2558 1302 2630 Parntl'd'es
1415 2541 1416 2562 ¹

239 2680 474 2788 ..frequentes
498 2685 611 2748 erant
658 2673 816 2746 Pessima
845 2676 916 2748 luit
939 2680 1056 2758 crisis,
1063 2680 1212 2774 quibus
1238 2691 1298 2754 tu·

259 2779 452 2875 barcula
440 2823 480 2870 m
502 2821 639 2870 summo
667 2798 768 2908 pedis
796 2799 1068 2882 oboriebantur,
1092 2807 1187 2897 quae
1208 2797 1299 2876 scial-

263 2920 383 3022 pendo
401 2933 526 3017 aperta
542 2921 753 3016 serpebant,
778 2922 893 3001 donec
907 2917 1170 3038 negligentibus
1188 2927 1296 3041 spha-

263 3049 364 3120 celus
389 3069 470 3118 crus
502 3057 704 3140 occuparet
755 3046 914 3118 Salutem
947 3027 1295 3144 recuperabant'alii

259 3171 405 3244 decima
422 3181 552 3266 quarto
576 3169 657 3241 dier
681 3170 768 3243 lieet
796 3166 976 3267 aliquibus
998 3149 1106 3245 etiam
1126 3173 1167 3246 in
1192 3175 1295 3247 vice·

258 3295 389 3369 simum
417 3293 515 3367 diem
545 3292 593 3364 sit
609 3305 801 3389 'protracta
833 3298 981 3368 curatio.
1040 3299 1191 3383 Omnes,
1226 3302 1293 3394 qu‘i

259 3419 337 3494 viui
356 3427 446 3513 potu
468 3439 542 3488 nun
559 3415 830 3501 abstinuerant,
853 3421 1071 3514 perierunt.''
1152 3434 1155 3464 ³
1275 3435 1280 3445 '

307 3539 497 3636 Inprimis
518 3539 676 3612 natabile
701 3542 819 3614 hoa
790 3567 950 3652 signum
956 3556 1032 3616 erat
1052 3545 1290 3640 quodquam

258 3662 338 3734 aliis
365 3660 525 3734 febribus
560 3661 823 3756 peteehialibus
849 3678 922 3737 Ιιιοιι
933 3667 1150 3776 reperitur,
1186 3666 1291 3741 dulor
1354 3688 1356 3697 ·

250 3788 354 3859 eirca
371 3786 641 3860 ventriculum'
630 3811 774 3882 ingens,
798 3767 1052 3884 praesertim
1023 3815 1054 3862 ιι
1072 3791 1217 3864 summis
1232 3793 1290 3864 di-

256 3911 340 4007 gitis
360 3913 622 4008 comprimatur.
657 3912 744 3984 Nec
763 3915 858 3986 enim
873 3915 977 3988 facile
1005 3940 1209 4013 quenquam
1233 3943 1291 3990 re·

255 4027 394 4134 peries,
428 4047 470 4111 ut
494 4035 576 4111 Tae.
612 4037 743 4114 Cossu
772 4038 881 4114 verba
919 4039 1077 4126 habent,
1111 4043 1175 4138 qui
1212 4063 1290 4116 nou
