<?xml version="1.0" encoding="UTF-8"?>
<!DOCTYPE html PUBLIC "-//W3C//DTD XHTML 1.0 Transitional//EN"
    "http://www.w3.org/TR/xhtml1/DTD/xhtml1-transitional.dtd">
<html xmlns="http://www.w3.org/1999/xhtml" xml:lang="en" lang="en">
 <head>
  <title>
</title>
<meta http-equiv="Content-Type" content="text/html;charset=utf-8" />
  <meta name='ocr-system' content='tesseract 3.04.00' />
  <meta name='ocr-capabilities' content='ocr_page ocr_carea ocr_par ocr_line ocrx_word'/>
</head>
<body>
  <div class='ocr_page' id='page_1' title='image "./dehistoriamorbo00hoevgoog_0154.png"; bbox 0 0 2834 4874; ppageno 0'>
   <div class='ocr_carea' id='block_1_1' title="bbox 425 395 1152 461">
    <p class='ocr_par' dir='ltr' id='par_1_1' title="bbox 425 395 1152 461">
     <span class='ocr_line' id='line_1_1' title="bbox 425 395 1152 461; baseline 0.007 -5"><span class='ocrx_word' id='word_1_1' title='bbox 425 395 851 460; x_wconf 77' lang='lat' dir='ltr'><strong>DYSENTERIA.</strong></span> <span class='ocrx_word' id='word_1_2' title='bbox 1094 398 1152 461; x_wconf 75' lang='lat'><strong>13⁵</strong></span> 
     </span>
    </p>
   </div>
   <div class='ocr_carea' id='block_1_2' title="bbox 91 572 1167 4130">
    <p class='ocr_par' dir='ltr' id='par_1_2' title="bbox 91 572 1167 4130">
     <span class='ocr_line' id='line_1_2' title="bbox 107 572 1150 672; baseline 0.004 -24"><span class='ocrx_word' id='word_1_3' title='bbox 107 575 312 672; x_wconf 77' lang='lat' dir='ltr'><strong>jusloeus</strong></span> <span class='ocrx_word' id='word_1_4' title='bbox 342 585 436 644; x_wconf 87' lang='lat' dir='ltr'><strong>esset</strong></span> <span class='ocrx_word' id='word_1_5' title='bbox 462 574 565 646; x_wconf 90' lang='lat' dir='ltr'><strong>nobis</strong></span> <span class='ocrx_word' id='word_1_6' title='bbox 596 572 781 666; x_wconf 87' lang='lat' dir='ltr'><strong>ambiguus</strong></span> <span class='ocrx_word' id='word_1_7' title='bbox 810 584 848 646; x_wconf 92' lang='lat' dir='ltr'><strong>et</strong></span> <span class='ocrx_word' id='word_1_8' title='bbox 875 585 1150 668; x_wconf 78' lang='lat' dir='ltr'><strong>symptomatum</strong></span> 
     </span>
     <span class='ocr_line' id='line_1_3' title="bbox 114 698 1151 793; baseline 0.005 -21"><span class='ocrx_word' id='word_1_9' title='bbox 114 725 249 775; x_wconf 87' lang='lat' dir='ltr'><strong>causeo</strong></span> <span class='ocrx_word' id='word_1_10' title='bbox 265 699 408 793; x_wconf 85' lang='lat' dir='ltr'><strong>penitus</strong></span> <span class='ocrx_word' id='word_1_11' title='bbox 424 699 587 790; x_wconf 84' lang='lat' dir='ltr'><strong>ignotae,</strong></span> <span class='ocrx_word' id='word_1_12' title='bbox 610 698 938 791; x_wconf 80' lang='lat' dir='ltr'><strong>demortui‚corpus</strong></span> <span class='ocrx_word' id='word_1_13' title='bbox 956 701 1151 777; x_wconf 83' lang='lat' dir='ltr'><strong>secandum</strong></span> 
     </span>
     <span class='ocr_line' id='line_1_4' title="bbox 115 819 1153 918; baseline -0.002 -22"><span class='ocrx_word' id='word_1_14' title='bbox 115 823 326 896; x_wconf 75' lang='lat' dir='ltr'><strong>curavimus</strong></span> <span class='ocrx_word' id='word_1_15' title='bbox 349 819 555 913; x_wconf 81' lang='lat' dir='ltr'><strong>allagistro</strong></span> <span class='ocrx_word' id='word_1_16' title='bbox 578 823 699 896; x_wconf 78' lang='lat' dir='ltr'><strong>Pereo</strong></span> <span class='ocrx_word' id='word_1_17' title='bbox 722 825 956 904; x_wconf 61' lang='lat' dir='ltr'><strong>norrenses,</strong></span> <span class='ocrx_word' id='word_1_18' title='bbox 981 821 1153 918; x_wconf 84' lang='lat' dir='ltr'><strong>Chirurgo</strong></span> 
     </span>
     <span class='ocr_line' id='line_1_5' title="bbox 117 943 1151 1044; baseline 0.002 -26"><span class='ocrx_word' id='word_1_19' title='bbox 117 945 289 1040; x_wconf 78' lang='lat' dir='ltr'><strong>Aquensi</strong></span> <span class='ocrx_word' id='word_1_20' title='bbox 314 943 421 1040; x_wconf 80' lang='lat' dir='ltr'><strong>doetq</strong></span> <span class='ocrx_word' id='word_1_21' title='bbox 451 953 501 1020; x_wconf 70' lang='lat' dir='ltr'><strong>et,</strong></span> <span class='ocrx_word' id='word_1_22' title='bbox 518 944 649 1036; x_wconf 83' lang='lat' dir='ltr'><strong>probo.</strong></span> <span class='ocrx_word' id='word_1_23' title='bbox 673 948 737 1044; x_wconf 85' lang='lat' dir='ltr'><strong>qui</strong></span> <span class='ocrx_word' id='word_1_24' title='bbox 767 947 950 1018; x_wconf 81' lang='lat' dir='ltr'><strong>invenite</strong></span> <span class='ocrx_word' id='word_1_25' title='bbox 974 946 1151 1042; x_wconf 85' lang='lat' dir='ltr'><strong>principio</strong></span> 
     </span>
     <span class='ocr_line' id='line_1_6' title="bbox 117 1064 1155 1165; baseline 0.004 -25"><span class='ocrx_word' id='word_1_26' title='bbox 117 1069 194 1140; x_wconf 89' lang='lat' dir='ltr'><strong>coli</strong></span> <span class='ocrx_word' id='word_1_27' title='bbox 210 1064 378 1150; x_wconf 23' lang='lat' dir='ltr'><strong>&#39;intestini</strong></span> <span class='ocrx_word' id='word_1_28' title='bbox 407 1064 453 1141; x_wconf 84' lang='lat' dir='ltr'><strong>ed</strong></span> <span class='ocrx_word' id='word_1_29' title='bbox 474 1064 583 1140; x_wconf 87' lang='lat' dir='ltr'><strong>finem</strong></span> <span class='ocrx_word' id='word_1_30' title='bbox 597 1093 726 1165; x_wconf 66' lang='lat' dir='ltr'><strong>⁵nsque</strong></span> <span class='ocrx_word' id='word_1_31' title='bbox 757 1068 847 1142; x_wconf 89' lang='lat' dir='ltr'><strong>recti</strong></span> <span class='ocrx_word' id='word_1_32' title='bbox 874 1069 1060 1163; x_wconf 82' lang='lat' dir='ltr'><strong>plusquam</strong></span> <span class='ocrx_word' id='word_1_33' title='bbox 1088 1071 1155 1144; x_wconf 91' lang='lat' dir='ltr'><strong>du·</strong></span> 
     </span>
     <span class='ocr_line' id='line_1_7' title="bbox 116 1190 1156 1296; baseline 0 -30"><span class='ocrx_word' id='word_1_34' title='bbox 116 1203 233 1266; x_wconf 51' lang='lat' dir='ltr'><strong>centu¹</strong></span> <span class='ocrx_word' id='word_1_35' title='bbox 258 1190 379 1280; x_wconf 71' lang='lat' dir='ltr'><strong>sicera</strong></span> <span class='ocrx_word' id='word_1_36' title='bbox 402 1190 579 1274; x_wconf 81' lang='lat' dir='ltr'><strong>rotunda,</strong></span> <span class='ocrx_word' id='word_1_37' title='bbox 612 1192 723 1264; x_wconf 81' lang='lat' dir='ltr'><strong>mixta</strong></span> <span class='ocrx_word' id='word_1_38' title='bbox 751 1215 832 1265; x_wconf 89' lang='lat' dir='ltr'><strong>curn</strong></span> <span class='ocrx_word' id='word_1_39' title='bbox 856 1192 1156 1296; x_wconf 79' lang='lat' dir='ltr'><strong>appstematibus,</strong></span> 
     </span>
     <span class='ocr_line' id='line_1_8' title="bbox 117 1312 1158 1412; baseline 0.003 -24"><span class='ocrx_word' id='word_1_40' title='bbox 117 1337 278 1412; x_wconf 83' lang='lat' dir='ltr'><strong>quorum</strong></span> <span class='ocrx_word' id='word_1_41' title='bbox 302 1312 465 1394; x_wconf 76' lang='lat' dir='ltr'><strong>ulcerum</strong></span> <span class='ocrx_word' id='word_1_42' title='bbox 493 1312 612 1406; x_wconf 82' lang='lat' dir='ltr'><strong>aliqua</strong></span> <span class='ocrx_word' id='word_1_43' title='bbox 636 1325 856 1388; x_wconf 88' lang='lat' dir='ltr'><strong>corraserant</strong></span> <span class='ocrx_word' id='word_1_44' title='bbox 876 1326 992 1394; x_wconf 87' lang='lat' dir='ltr'><strong>totum</strong></span> <span class='ocrx_word' id='word_1_45' title='bbox 1014 1319 1158 1390; x_wconf 83' lang='lat' dir='ltr'><strong>intesti-</strong></span> 
     </span>
     <span class='ocr_line' id='line_1_9' title="bbox 118 1435 1155 1538; baseline 0.002 -24"><span class='ocrx_word' id='word_1_46' title='bbox 118 1462 230 1528; x_wconf 63' lang='lat' dir='ltr'><strong>num</strong></span> <span class='ocrx_word' id='word_1_47' title='bbox 255 1435 334 1531; x_wconf 71' lang='lat' dir='ltr'><strong>¹illis</strong></span> <span class='ocrx_word' id='word_1_48' title='bbox 358 1436 539 1521; x_wconf 83' lang='lat' dir='ltr'><strong>ulceribus</strong></span> <span class='ocrx_word' id='word_1_49' title='bbox 562 1438 837 1532; x_wconf 81' lang='lat' dir='ltr'><strong>interjaciebaut</strong></span> <span class='ocrx_word' id='word_1_50' title='bbox 867 1452 985 1534; x_wconf 83' lang='lat' dir='ltr'><strong>partes</strong></span> <span class='ocrx_word' id='word_1_51' title='bbox 1015 1442 1155 1538; x_wconf 84' lang='lat' dir='ltr'><strong>aliquae</strong></span> 
     </span>
     <span class='ocr_line' id='line_1_10' title="bbox 118 1560 1159 1659; baseline -0.008 -23"><span class='ocrx_word' id='word_1_52' title='bbox 118 1561 375 1641; x_wconf 83' lang='lat' dir='ltr'><strong>intestinorum</strong></span> <span class='ocrx_word' id='word_1_53' title='bbox 394 1583 499 1636; x_wconf 87' lang='lat' dir='ltr'><strong>sanae</strong></span> <span class='ocrx_word' id='word_1_54' title='bbox 519 1573 558 1632; x_wconf 91' lang='lat' dir='ltr'><strong>et</strong></span> <span class='ocrx_word' id='word_1_55' title='bbox 572 1560 742 1653; x_wconf 73' lang='lat' dir='ltr'><strong>integrae.</strong></span> <span class='ocrx_word' id='word_1_56' title='bbox 792 1562 899 1644; x_wconf 82' lang='lat' dir='ltr'><strong>Anno</strong></span> <span class='ocrx_word' id='word_1_57' title='bbox 913 1588 1023 1659; x_wconf 74' lang='lat' dir='ltr'><strong>‚supra</strong></span> <span class='ocrx_word' id='word_1_58' title='bbox 1044 1566 1159 1640; x_wconf 75' lang='lat' dir='ltr'><strong>mille.</strong></span> 
     </span>
     <span class='ocr_line' id='line_1_11' title="bbox 120 1686 1158 1779; baseline 0.003 -22"><span class='ocrx_word' id='word_1_59' title='bbox 120 1686 255 1757; x_wconf 83' lang='lat' dir='ltr'><strong>simum</strong></span> <span class='ocrx_word' id='word_1_60' title='bbox 285 1686 540 1756; x_wconf 86' lang='lat' dir='ltr'><strong>sexcentesimo</strong></span> <span class='ocrx_word' id='word_1_61' title='bbox 566 1695 693 1756; x_wconf 81' lang='lat' dir='ltr'><strong>octavo</strong></span> <span class='ocrx_word' id='word_1_62' title='bbox 713 1709 760 1759; x_wconf 88' lang='lat' dir='ltr'><strong>m.</strong></span> <span class='ocrx_word' id='word_1_63' title='bbox 793 1686 956 1779; x_wconf 89' lang='lat' dir='ltr'><strong>Augusto</strong></span> <span class='ocrx_word' id='word_1_64' title='bbox 987 1699 1073 1766; x_wconf 81' lang='lat' dir='ltr'><strong>nata</strong></span> <span class='ocrx_word' id='word_1_65' title='bbox 1102 1699 1158 1767; x_wconf 86' lang='lat' dir='ltr'><strong>est</strong></span> 
     </span>
     <span class='ocr_line' id='line_1_12' title="bbox 91 1807 1156 1907; baseline -0.001 -23"><span class='ocrx_word' id='word_1_66' title='bbox 91 1837 95 1850; x_wconf 70' lang='lat'>¹</span> <span class='ocrx_word' id='word_1_67' title='bbox 120 1808 330 1905; x_wconf 76' lang='lat' dir='ltr'><strong>dysenteria</strong></span> <span class='ocrx_word' id='word_1_68' title='bbox 346 1807 517 1899; x_wconf 79' lang='lat' dir='ltr'><strong>inpuero</strong></span> <span class='ocrx_word' id='word_1_69' title='bbox 535 1807 725 1879; x_wconf 86' lang='lat' dir='ltr'><strong>consiliarii</strong></span> <span class='ocrx_word' id='word_1_70' title='bbox 742 1808 794 1882; x_wconf 91' lang='lat' dir='ltr'><strong>du</strong></span> <span class='ocrx_word' id='word_1_71' title='bbox 811 1809 954 1892; x_wconf 86' lang='lat' dir='ltr'><strong>Perier.</strong></span> <span class='ocrx_word' id='word_1_72' title='bbox 978 1835 1072 1906; x_wconf 88' lang='lat' dir='ltr'><strong>quae</strong></span> <span class='ocrx_word' id='word_1_73' title='bbox 1083 1833 1156 1907; x_wconf 76' lang='lat' dir='ltr'><strong>&#39;per</strong></span> 
     </span>
     <span class='ocr_line' id='line_1_13' title="bbox 120 1929 1158 2029; baseline 0.005 -25"><span class='ocrx_word' id='word_1_74' title='bbox 120 1930 314 2022; x_wconf 83' lang='lat' dir='ltr'><strong>intervalla</strong></span> <span class='ocrx_word' id='word_1_75' title='bbox 330 1929 568 2019; x_wconf 75' lang='lat' dir='ltr'><strong>excitabatur.</strong></span> <span class='ocrx_word' id='word_1_76' title='bbox 593 1953 702 2023; x_wconf 87' lang='lat' dir='ltr'><strong>quam</strong></span> <span class='ocrx_word' id='word_1_77' title='bbox 717 1933 920 2027; x_wconf 83' lang='lat' dir='ltr'><strong>suspicabar</strong></span> <span class='ocrx_word' id='word_1_78' title='bbox 938 1958 961 2005; x_wconf 85' lang='lat' dir='ltr'><strong>a</strong></span> <span class='ocrx_word' id='word_1_79' title='bbox 980 1945 1158 2029; x_wconf 80' lang='lat' dir='ltr'><strong>punctura</strong></span> 
     </span>
     <span class='ocr_line' id='line_1_14' title="bbox 123 2052 1161 2151; baseline 0.004 -23"><span class='ocrx_word' id='word_1_80' title='bbox 123 2055 303 2128; x_wconf 75' lang='lat' dir='ltr'><strong>vermium</strong></span> <span class='ocrx_word' id='word_1_81' title='bbox 333 2052 455 2136; x_wconf 80' lang='lat' dir='ltr'><strong>nasci,</strong></span> <span class='ocrx_word' id='word_1_82' title='bbox 480 2075 632 2146; x_wconf 87' lang='lat' dir='ltr'><strong>quorum</strong></span> <span class='ocrx_word' id='word_1_83' title='bbox 650 2057 832 2151; x_wconf 80' lang='lat' dir='ltr'><strong>quantitas</strong></span> <span class='ocrx_word' id='word_1_84' title='bbox 854 2057 1061 2133; x_wconf 81' lang='lat' dir='ltr'><strong>admiranda</strong></span> <span class='ocrx_word' id='word_1_85' title='bbox 1089 2058 1161 2132; x_wconf 84' lang='lat' dir='ltr'><strong>tuit</strong></span> 
     </span>
     <span class='ocr_line' id='line_1_15' title="bbox 123 2177 1160 2276; baseline 0.007 -27"><span class='ocrx_word' id='word_1_86' title='bbox 123 2177 277 2266; x_wconf 82' lang='lat' dir='ltr'><strong>iurante</strong></span> <span class='ocrx_word' id='word_1_87' title='bbox 302 2177 341 2247; x_wconf 89' lang='lat' dir='ltr'><strong>in</strong></span> <span class='ocrx_word' id='word_1_88' title='bbox 361 2177 442 2270; x_wconf 80' lang='lat' dir='ltr'><strong>ejus</strong></span> <span class='ocrx_word' id='word_1_89' title='bbox 467 2177 646 2250; x_wconf 80' lang='lat' dir='ltr'><strong>intestinis</strong></span> <span class='ocrx_word' id='word_1_90' title='bbox 668 2191 749 2272; x_wconf 89' lang='lat' dir='ltr'><strong>post</strong></span> <span class='ocrx_word' id='word_1_91' title='bbox 776 2180 970 2256; x_wconf 83' lang='lat' dir='ltr'><strong>dissuetum</strong></span> <span class='ocrx_word' id='word_1_92' title='bbox 996 2183 1075 2276; x_wconf 89' lang='lat' dir='ltr'><strong>ejus</strong></span> <span class='ocrx_word' id='word_1_93' title='bbox 1102 2205 1160 2256; x_wconf 86' lang='lat' dir='ltr'><strong>cu·</strong></span> 
     </span>
     <span class='ocr_line' id='line_1_16' title="bbox 124 2300 1159 2400; baseline 0.004 -25"><span class='ocrx_word' id='word_1_94' title='bbox 124 2302 262 2384; x_wconf 84' lang='lat' dir='ltr'><strong>darer,</strong></span> <span class='ocrx_word' id='word_1_95' title='bbox 285 2323 355 2390; x_wconf 81' lang='lat' dir='ltr'><strong>nec</strong></span> <span class='ocrx_word' id='word_1_96' title='bbox 374 2300 502 2373; x_wconf 85' lang='lat' dir='ltr'><strong>mirum</strong></span> <span class='ocrx_word' id='word_1_97' title='bbox 523 2323 606 2372; x_wconf 89' lang='lat' dir='ltr'><strong>eum</strong></span> <span class='ocrx_word' id='word_1_98' title='bbox 624 2303 789 2376; x_wconf 86' lang='lat' dir='ltr'><strong>riderent</strong></span> <span class='ocrx_word' id='word_1_99' title='bbox 808 2304 980 2377; x_wconf 89' lang='lat' dir='ltr'><strong>intestina</strong></span> <span class='ocrx_word' id='word_1_100' title='bbox 997 2305 1159 2400; x_wconf 85' lang='lat' dir='ltr'><strong>redupli-</strong></span> 
     </span>
     <span class='ocr_line' id='line_1_17' title="bbox 126 2423 1160 2530; baseline 0.003 -32"><span class='ocrx_word' id='word_1_101' title='bbox 126 2439 250 2498; x_wconf 86' lang='lat' dir='ltr'><strong>cataa</strong></span> <span class='ocrx_word' id='word_1_102' title='bbox 274 2423 468 2530; x_wconf 17' lang='lat' dir='ltr'><strong>&#39;vermibus</strong></span> <span class='ocrx_word' id='word_1_103' title='bbox 516 2426 570 2498; x_wconf 81' lang='lat' dir='ltr'><strong>Ile</strong></span> <span class='ocrx_word' id='word_1_104' title='bbox 600 2425 803 2522; x_wconf 80' lang='lat' dir='ltr'><strong>dysenteria</strong></span> <span class='ocrx_word' id='word_1_105' title='bbox 830 2428 997 2523; x_wconf 87' lang='lat' dir='ltr'><strong>hepatiee</strong></span> <span class='ocrx_word' id='word_1_106' title='bbox 1021 2428 1160 2510; x_wconf 84' lang='lat' dir='ltr'><strong>dictum</strong></span> 
     </span>
     <span class='ocr_line' id='line_1_18' title="bbox 127 2546 1161 2648; baseline 0.005 -26"><span class='ocrx_word' id='word_1_107' title='bbox 127 2551 203 2626; x_wconf 82' lang='lat' dir='ltr'><strong>luit</strong></span> <span class='ocrx_word' id='word_1_108' title='bbox 222 2549 339 2648; x_wconf 77' lang='lat' dir='ltr'><strong>capito</strong></span> <span class='ocrx_word' id='word_1_109' title='bbox 363 2548 408 2618; x_wconf 91' lang='lat' dir='ltr'><strong>de</strong></span> <span class='ocrx_word' id='word_1_110' title='bbox 434 2546 646 2641; x_wconf 86' lang='lat' dir='ltr'><strong>hepatitide.</strong></span> <span class='ocrx_word' id='word_1_111' title='bbox 693 2551 802 2625; x_wconf 84' lang='lat' dir='ltr'><strong>Ulcus</strong></span> <span class='ocrx_word' id='word_1_112' title='bbox 830 2553 1081 2630; x_wconf 87' lang='lat' dir='ltr'><strong>intestinorum</strong></span> <span class='ocrx_word' id='word_1_113' title='bbox 1095 2577 1161 2646; x_wconf 67' lang='lat' dir='ltr'><strong>&#39;ge-</strong></span> 
     </span>
     <span class='ocr_line' id='line_1_19' title="bbox 127 2670 1160 2771; baseline 0 -21"><span class='ocrx_word' id='word_1_114' title='bbox 127 2686 276 2750; x_wconf 77' lang='lat' dir='ltr'><strong>noratur</strong></span> <span class='ocrx_word' id='word_1_115' title='bbox 296 2670 342 2742; x_wconf 83' lang='lat' dir='ltr'><strong>eb</strong></span> <span class='ocrx_word' id='word_1_116' title='bbox 372 2674 533 2744; x_wconf 86' lang='lat' dir='ltr'><strong>erosioue</strong></span> <span class='ocrx_word' id='word_1_117' title='bbox 559 2673 749 2744; x_wconf 88' lang='lat' dir='ltr'><strong>humorum</strong></span> <span class='ocrx_word' id='word_1_118' title='bbox 777 2675 933 2758; x_wconf 85' lang='lat' dir='ltr'><strong>acrium,</strong></span> <span class='ocrx_word' id='word_1_119' title='bbox 957 2676 996 2746; x_wconf 90' lang='lat' dir='ltr'><strong>in</strong></span> <span class='ocrx_word' id='word_1_120' title='bbox 1013 2700 1086 2771; x_wconf 86' lang='lat' dir='ltr'><strong>qua</strong></span> <span class='ocrx_word' id='word_1_121' title='bbox 1105 2678 1160 2750; x_wconf 89' lang='lat' dir='ltr'><strong>di·</strong></span> 
     </span>
     <span class='ocr_line' id='line_1_20' title="bbox 130 2796 1160 2889; baseline -0.002 -15"><span class='ocrx_word' id='word_1_122' title='bbox 130 2799 228 2874; x_wconf 81' lang='lat' dir='ltr'><strong>versi</strong></span> <span class='ocrx_word' id='word_1_123' title='bbox 245 2808 328 2869; x_wconf 90' lang='lat' dir='ltr'><strong>suut</strong></span> <span class='ocrx_word' id='word_1_124' title='bbox 348 2796 477 2889; x_wconf 79' lang='lat' dir='ltr'><strong>&#39;gradus</strong></span> <span class='ocrx_word' id='word_1_125' title='bbox 500 2797 666 2880; x_wconf 83' lang='lat' dir='ltr'><strong>notandi,</strong></span> <span class='ocrx_word' id='word_1_126' title='bbox 691 2797 830 2868; x_wconf 87' lang='lat' dir='ltr'><strong>ratione</strong></span> <span class='ocrx_word' id='word_1_127' title='bbox 852 2799 951 2872; x_wconf 83' lang='lat' dir='ltr'><strong>varia</strong></span> <span class='ocrx_word' id='word_1_128' title='bbox 973 2801 1160 2880; x_wconf 88' lang='lat' dir='ltr'><strong>intestino·</strong></span> 
     </span>
     <span class='ocr_line' id='line_1_21' title="bbox 130 2920 1159 3018; baseline 0.002 -20"><span class='ocrx_word' id='word_1_129' title='bbox 130 2947 212 2999; x_wconf 83' lang='lat' dir='ltr'><strong>rum</strong></span> <span class='ocrx_word' id='word_1_130' title='bbox 227 2949 253 3008; x_wconf 75' lang='lat'><strong>²..</strong></span> <span class='ocrx_word' id='word_1_131' title='bbox 266 2920 380 3018; x_wconf 82' lang='lat' dir='ltr'><strong>primo</strong></span> <span class='ocrx_word' id='word_1_132' title='bbox 411 2941 579 3016; x_wconf 57' lang='lat' dir='ltr'><strong>namque*</strong></span> <span class='ocrx_word' id='word_1_133' title='bbox 594 2921 775 3016; x_wconf 82' lang='lat' dir='ltr'><strong>pinguedo</strong></span> <span class='ocrx_word' id='word_1_134' title='bbox 809 2921 965 2995; x_wconf 84' lang='lat' dir='ltr'><strong>reditur:</strong></span> <span class='ocrx_word' id='word_1_135' title='bbox 1001 2925 1159 3001; x_wconf 84' lang='lat' dir='ltr'><strong>seeundo</strong></span> 
     </span>
     <span class='ocr_line' id='line_1_22' title="bbox 128 3046 1162 3139; baseline -0.001 -19"><span class='ocrx_word' id='word_1_136' title='bbox 128 3058 360 3122; x_wconf 81' lang='lat' dir='ltr'><strong>excrementa</strong></span> <span class='ocrx_word' id='word_1_137' title='bbox 385 3046 636 3118; x_wconf 83' lang='lat' dir='ltr'><strong>intestinorum</strong></span> <span class='ocrx_word' id='word_1_138' title='bbox 668 3046 912 3139; x_wconf 79' lang='lat' dir='ltr'><strong>expelluntur:</strong></span> <span class='ocrx_word' id='word_1_139' title='bbox 948 3050 1055 3118; x_wconf 90' lang='lat' dir='ltr'><strong>tertio</strong></span> <span class='ocrx_word' id='word_1_140' title='bbox 1079 3071 1162 3119; x_wconf 88' lang='lat' dir='ltr'><strong>caro</strong></span> 
     </span>
     <span class='ocr_line' id='line_1_23' title="bbox 134 3169 1162 3267; baseline 0 -25"><span class='ocrx_word' id='word_1_141' title='bbox 134 3171 279 3267; x_wconf 88' lang='lat' dir='ltr'><strong>propria</strong></span> <span class='ocrx_word' id='word_1_142' title='bbox 311 3169 562 3245; x_wconf 87' lang='lat' dir='ltr'><strong>intestinorum</strong></span> <span class='ocrx_word' id='word_1_143' title='bbox 577 3223 582 3234; x_wconf 91' lang='lat'>.</span> <span class='ocrx_word' id='word_1_144' title='bbox 595 3169 772 3241; x_wconf 90' lang='lat' dir='ltr'><strong>educitur.</strong></span> <span class='ocrx_word' id='word_1_145' title='bbox 821 3171 868 3240; x_wconf 89' lang='lat' dir='ltr'><strong>In</strong></span> <span class='ocrx_word' id='word_1_146' title='bbox 894 3169 964 3240; x_wconf 87' lang='lat' dir='ltr'><strong>hac</strong></span> <span class='ocrx_word' id='word_1_147' title='bbox 994 3170 1162 3262; x_wconf 72' lang='lat' dir='ltr'><strong>dysente-</strong></span> 
     </span>
     <span class='ocr_line' id='line_1_24' title="bbox 136 3291 1161 3380; baseline -0.004 -11"><span class='ocrx_word' id='word_1_148' title='bbox 136 3298 192 3370; x_wconf 82' lang='lat' dir='ltr'><strong>ria</strong></span> <span class='ocrx_word' id='word_1_149' title='bbox 222 3316 304 3366; x_wconf 90' lang='lat' dir='ltr'><strong>cum</strong></span> <span class='ocrx_word' id='word_1_150' title='bbox 331 3293 451 3380; x_wconf 89' lang='lat' dir='ltr'><strong>ulcere</strong></span> <span class='ocrx_word' id='word_1_151' title='bbox 484 3291 637 3364; x_wconf 84' lang='lat' dir='ltr'><strong>allectus</strong></span> <span class='ocrx_word' id='word_1_152' title='bbox 669 3295 768 3364; x_wconf 90' lang='lat' dir='ltr'><strong>locus</strong></span> <span class='ocrx_word' id='word_1_153' title='bbox 804 3304 860 3363; x_wconf 88' lang='lat' dir='ltr'><strong>est</strong></span> <span class='ocrx_word' id='word_1_154' title='bbox 886 3291 1070 3364; x_wconf 87' lang='lat' dir='ltr'><strong>diversus:</strong></span> <span class='ocrx_word' id='word_1_155' title='bbox 1097 3305 1161 3366; x_wconf 87' lang='lat' dir='ltr'><strong>aut</strong></span> 
     </span>
     <span class='ocr_line' id='line_1_25' title="bbox 134 3399 1163 3506; baseline -0.002 -14"><span class='ocrx_word' id='word_1_156' title='bbox 134 3420 233 3492; x_wconf 90' lang='lat' dir='ltr'><strong>enim</strong></span> <span class='ocrx_word' id='word_1_157' title='bbox 262 3399 399 3506; x_wconf 66' lang='lat' dir='ltr'><strong>renuis,</strong></span> <span class='ocrx_word' id='word_1_158' title='bbox 421 3417 670 3506; x_wconf 67' lang='lat' dir='ltr'><strong>epulcerantur</strong></span> <span class='ocrx_word' id='word_1_159' title='bbox 705 3417 899 3498; x_wconf 85' lang='lat' dir='ltr'><strong>intestina,</strong></span> <span class='ocrx_word' id='word_1_160' title='bbox 933 3427 996 3488; x_wconf 88' lang='lat' dir='ltr'><strong>eut</strong></span> <span class='ocrx_word' id='word_1_161' title='bbox 1024 3439 1163 3500; x_wconf 85' lang='lat' dir='ltr'><strong>crasse,</strong></span> 
     </span>
     <span class='ocr_line' id='line_1_26' title="bbox 126 3538 1165 3637; baseline -0.004 -21"><span class='ocrx_word' id='word_1_162' title='bbox 126 3546 175 3618; x_wconf 82' lang='lat' dir='ltr'><strong>‚in</strong></span> <span class='ocrx_word' id='word_1_163' title='bbox 213 3542 385 3637; x_wconf 82' lang='lat' dir='ltr'><strong>superiori</strong></span> <span class='ocrx_word' id='word_1_164' title='bbox 424 3565 528 3634; x_wconf 84' lang='lat' dir='ltr'><strong>supra</strong></span> <span class='ocrx_word' id='word_1_165' title='bbox 571 3539 801 3621; x_wconf 82' lang='lat' dir='ltr'><strong>umbilicum,</strong></span> <span class='ocrx_word' id='word_1_166' title='bbox 839 3550 903 3612; x_wconf 90' lang='lat' dir='ltr'><strong>aut</strong></span> <span class='ocrx_word' id='word_1_167' title='bbox 933 3539 972 3610; x_wconf 92' lang='lat' dir='ltr'><strong>in</strong></span> <span class='ocrx_word' id='word_1_168' title='bbox 1004 3538 1165 3612; x_wconf 81' lang='lat' dir='ltr'><strong>inferiori</strong></span> 
     </span>
     <span class='ocr_line' id='line_1_27' title="bbox 127 3661 1164 3758; baseline -0.003 -19"><span class='ocrx_word' id='word_1_169' title='bbox 127 3667 205 3742; x_wconf 79' lang='lat' dir='ltr'><strong>¹sub</strong></span> <span class='ocrx_word' id='word_1_170' title='bbox 236 3666 425 3740; x_wconf 85' lang='lat' dir='ltr'><strong>umbilico:</strong></span> <span class='ocrx_word' id='word_1_171' title='bbox 461 3687 554 3758; x_wconf 82' lang='lat' dir='ltr'><strong>quae</strong></span> <span class='ocrx_word' id='word_1_172' title='bbox 582 3663 901 3756; x_wconf 89' lang='lat' dir='ltr'><strong>deprehenduntur</strong></span> <span class='ocrx_word' id='word_1_173' title='bbox 928 3661 974 3734; x_wconf 87' lang='lat' dir='ltr'><strong>de</strong></span> <span class='ocrx_word' id='word_1_174' title='bbox 999 3662 1072 3732; x_wconf 88' lang='lat' dir='ltr'><strong>situ</strong></span> <span class='ocrx_word' id='word_1_175' title='bbox 1097 3663 1164 3744; x_wconf 58' lang='lat' dir='ltr'><strong>do,</strong></span> 
     </span>
     <span class='ocr_line' id='line_1_28' title="bbox 127 3786 1167 3872; baseline 0.002 -11"><span class='ocrx_word' id='word_1_176' title='bbox 127 3792 246 3871; x_wconf 82' lang='lat' dir='ltr'><strong>loris,</strong></span> <span class='ocrx_word' id='word_1_177' title='bbox 286 3802 362 3860; x_wconf 89' lang='lat' dir='ltr'><strong>tum</strong></span> <span class='ocrx_word' id='word_1_178' title='bbox 401 3788 446 3860; x_wconf 91' lang='lat' dir='ltr'><strong>de</strong></span> <span class='ocrx_word' id='word_1_179' title='bbox 485 3786 655 3872; x_wconf 79' lang='lat' dir='ltr'><strong>mixtione</strong></span> <span class='ocrx_word' id='word_1_180' title='bbox 690 3786 840 3860; x_wconf 85' lang='lat' dir='ltr'><strong>laecum.</strong></span> <span class='ocrx_word' id='word_1_181' title='bbox 901 3787 987 3858; x_wconf 90' lang='lat' dir='ltr'><strong>Nem</strong></span> <span class='ocrx_word' id='word_1_182' title='bbox 1024 3787 1055 3858; x_wconf 88' lang='lat' dir='ltr'><strong>si</strong></span> <span class='ocrx_word' id='word_1_183' title='bbox 1086 3811 1167 3863; x_wconf 88' lang='lat' dir='ltr'><strong>cum</strong></span> 
     </span>
     <span class='ocr_line' id='line_1_29' title="bbox 139 3909 1164 4004; baseline -0.007 -16"><span class='ocrx_word' id='word_1_184' title='bbox 139 3917 373 3988; x_wconf 78' lang='lat' dir='ltr'><strong>excrementis</strong></span> <span class='ocrx_word' id='word_1_185' title='bbox 411 3911 552 4004; x_wconf 85' lang='lat' dir='ltr'><strong>sanguis</strong></span> <span class='ocrx_word' id='word_1_186' title='bbox 587 3923 651 3982; x_wconf 87' lang='lat' dir='ltr'><strong>aut</strong></span> <span class='ocrx_word' id='word_1_187' title='bbox 690 3933 755 4004; x_wconf 88' lang='lat' dir='ltr'><strong>pus</strong></span> <span class='ocrx_word' id='word_1_188' title='bbox 789 3911 893 3984; x_wconf 84' lang='lat' dir='ltr'><strong>valde</strong></span> <span class='ocrx_word' id='word_1_189' title='bbox 924 3909 1164 3994; x_wconf 84' lang='lat' dir='ltr'><strong>misceantur,</strong></span> 
     </span>
     <span class='ocr_line' id='line_1_30' title="bbox 139 4033 1167 4130; baseline -0.004 -18"><span class='ocrx_word' id='word_1_190' title='bbox 139 4049 184 4124; x_wconf 81' lang='lat' dir='ltr'><strong>ut</strong></span> <span class='ocrx_word' id='word_1_191' title='bbox 205 4037 298 4114; x_wconf 88' lang='lat' dir='ltr'><strong>adsit</strong></span> <span class='ocrx_word' id='word_1_192' title='bbox 320 4037 419 4113; x_wconf 90' lang='lat' dir='ltr'><strong>dolor</strong></span> <span class='ocrx_word' id='word_1_193' title='bbox 442 4037 536 4108; x_wconf 88' lang='lat' dir='ltr'><strong>circa</strong></span> <span class='ocrx_word' id='word_1_194' title='bbox 554 4033 780 4118; x_wconf 84' lang='lat' dir='ltr'><strong>umbilicum,</strong></span> <span class='ocrx_word' id='word_1_195' title='bbox 806 4035 843 4104; x_wconf 91' lang='lat' dir='ltr'><strong>in</strong></span> <span class='ocrx_word' id='word_1_196' title='bbox 863 4034 1053 4130; x_wconf 85' lang='lat' dir='ltr'><strong>gracilibus</strong></span> <span class='ocrx_word' id='word_1_197' title='bbox 1073 4038 1167 4110; x_wconf 82' lang='lat' dir='ltr'><strong>exul·</strong></span> 
     </span>
    </p>
   </div>
   <div class='ocr_carea' id='block_1_3' title="bbox 0 0 1448 4874">
    <p class='ocr_par' dir='ltr' id='par_1_3' title="bbox 0 0 1448 4874">
     <span class='ocr_line' id='line_1_31' title="bbox 0 0 1448 4874; baseline 0 0"><span class='ocrx_word' id='word_1_198' title='bbox 0 0 1448 4874; x_wconf 95' lang='lat' dir='ltr'><strong> </strong></span> 
     </span>
    </p>
   </div>
  </div>
 </body>
</html>
