2900 4874
321 401 375 464 66,
571 399 775 464 UHOREA
817 401 1115 464 srtnntttct.

320 580 480 653 lihidinis
510 583 631 652 statim
661 581 788 652 ardore
817 583 954 658 incensi
979 584 1094 654 veluti
1123 583 1280 655 direntes
1310 584 1345 656 iu

319 730 398 778 cam
422 704 620 801 prosiliant.
668 705 824 799 Quidam
850 707 1019 788 ridendo,
1051 707 1197 803 quidam
1227 705 1346 780 flendo

315 831 560 903 moriautur.”·
605 879 610 888 ,
718 878 722 886 ·

367 957 466 1028 llaec'
481 955 655 1028 Italomm
676 955 854 1050 epidemia
872 956 1022 1028 choreae
1047 954 1268 1049 cpidemicae
1293 979 1347 1026 su·

319 1092 455 1176 perstas
480 1077 636 1154 Guoaotr
668 1081 836 1154 Bscnlvrt
865 1091 985 1175 aetate
1011 1079 1131 1152 adhuc
1154 1078 1245 1149 adeo
1271 1079 1347 1151 rul-

320 1207 412 1300 garis
436 1217 532 1287 erat,
555 1215 599 1274 ut
619 1203 665 1274 ab
690 1226 733 1276 co
751 1205 923 1297 singulari
949 1205 1199 1278 dissertatione
1225 1203 1273 1272 sit
1292 1227 1347 1272 ex·

318 1329 484 1425 planata,
507 1328 578 1399 etsi
602 1330 678 1422 ipse
702 1351 774 1399 non
796 1327 1019 1400 dubitaverit
1039 1327 1213 1408 scribere,
1238 1325 1348 1396 multa

320 1463 581 1526 tarantatorum
603 1463 836 1556 symptomata
850 1477 893 1524 cx
917 1453 1110 1547 depravata
1129 1451 1348 1543 imaginatio·

320 1603 367 1649 ne
398 1576 557 1672 pendere
583 1565 632 1646 ac'
653 1575 816 1648 desinere
847 1576 992 1647 demum
1016 1575 1054 1645 in
1077 1573 1347 1644 melancholiam

321 1701 378 1774 sui
401 1700 558 1795 generis,
592 1724 636 1771 eo
660 1725 776 1796 usque
798 1723 984 1794 aegrorum
1011 1697 1212 1770 cervicibus
1238 1697 1348 1768 immi-

321 1839 486 1906 nentem,
511 1823 626 1894 donec
644 1824 703 1897 rel
724 1826 931 1907 saltatione,
956 1825 1015 1897 vel
1032 1822 1187 1904 musica,
1213 1821 1272 1894 vel
1293 1847 1350 1892 ae·

321 1949 407 2021 tatis
422 1946 621 2018 mutatione
645 1947 818 2019 virulenti
836 1948 1059 2021 characteres
1083 1973 1104 2020 e
1124 1945 1299 2040 sunguine
1316 1957 1351 2016 ct

320 2071 434 2142 fluido
467 2093 657 2140 nervorum
687 2073 831 2164 penitus
859 2074 1098 2146 eliminentur.
1156 2071 1350 2142 Adsertum

320 2193 413 2276 hoc,
438 2195 489 2264 sic
506 2187 645 2288 pergit,
669 2195 855 2266 innumera
871 2195 1081 2268 confirmant
1098 2206 1349 2291 symptomata,

320 2320 535 2414 depravatae
562 2319 771 2413 phantasiae
803 2309 967 2390 naturam
998 2319 1221 2392 redolentia:
1247 2319 1351 2391 multi

322 2467 478 2538 namque
507 2465 550 2514 cx
581 2443 767 2513 tarantatis
798 2445 986 2538 sepulchra
1014 2456 1053 2516 et
1082 2444 1240 2516 solitaria
1272 2446 1350 2515 loca
1421 2533 1422 2550 χ

322 2568 554 2649 desiderant,
588 2567 626 2637 in
655 2567 787 2638 feretro
815 2579 1036 2638 mortuorum
1068 2591 1106 2638 se
1132 2568 1350 2648 extendunt,
1421 2563 1422 2574 ’

320 2703 503 2787 tamquam
524 2691 667 2761 mortui.
703 2692 750 2761 In
765 2705 915 2785 puteum
935 2717 999 2764 seu
1016 2692 1196 2788 desperati
1217 2717 1256 2764 se
1275 2718 1352 2788 pro·

319 2817 464 2911 jiciuut,
514 2814 678 2910 Virgines
708 2826 746 2885 ct
766 2815 934 2888 mulieres
964 2820 1197 2911 caeteroquin
1223 2819 1351 2892 hones·
1420 2895 1421 2900 ἵ

321 2953 409 3024 tac„
427 2940 553 3012 solutis
572 2939 810 3012 verecundiae
834 2939 1000 3021 habenis,
1031 2939 1264 3011 vehementer
1298 2967 1352 3013 su·
1420 2921 1421 2932 ἵ

324 3064 480 3157 spirant,
514 3065 689 3147 ululant,
704 3063 874 3135 indecore
901 3075 1111 3147 morentur,
1145 3078 1267 3162 partes
1289 3067 1349 3138 oh·

324 3211 471 3258 scoenos
498 3187 738 3282 patefaciunt,
770 3199 907 3259 motum
938 3188 1112 3282 pensilem
1142 3201 1261 3260 amant
1283 3202 1351 3262 etc.

324 3299 718 3385 nonnulli'volutantur
740 3313 778 3382 in
801 3313 885 3384 limo
915 3323 1094 3400 tamquam
1118 3337 1198 3384 sues
1225 3324 1265 3385 et
1292 3339 1350 3386 vo·
1419 3305 1420 3366 3

322 3438 500 3509 lutatione
533 3436 601 3508 hac
633 3459 853 3531 summopere
882 3434 1117 3507 delectantur.
1170 3427 1248 3509 Atii
1274 3463 1351 3508 rer·

325 3561 473 3633 herihus
506 3559 607 3630 caedi
631 3559 836 3630 desiderant
856 3557 895 3628 in
920 3582 1007 3641 ano,
1035 3562 1224 3643 calcaneis,
1250 3563 1350 3656 pedi-

323 3686 410 3768 hus,
438 3685 552 3756 dorso.
602 3681 678 3754 Atii
705 3706 810 3755 cursu
841 3705 1002 3776 magnam
1027 3685 1187 3772 sentiunt
1212 3686 1351 3756 utilita-
1418 3745 1419 3772 ,

322 3819 407 3880 tem.
455 3810 510 3880 De
532 3806 648 3878 colore
666 3806 805 3876 curiose
828 3830 973 3904 quoquc
992 3806 1234 3880 observantur.
1284 3811 1351 3881 Ta·

325 3933 458 4002 rantati
476 3949 631 4025 namque
647 3929 703 4002 his
724 3930 900 4002 coloribus
921 3931 1167 4013 delectantur,
1192 3931 1254 4002 alii
1270 3956 1351 4002 con-

325 4067 383 4129 tra·
416 4055 571 4151 graviter
596 4028 814 4132 adficiuntur
844 4067 882 4133 et
912 4079 976 4150 pro
1003 4056 1101 4135 ruric
1129 4055 1352 4152 depravatio·
1417 4085 1418 4100 ¹
