<?xml version="1.0" encoding="UTF-8"?>
<!DOCTYPE html PUBLIC "-//W3C//DTD XHTML 1.0 Transitional//EN"
    "http://www.w3.org/TR/xhtml1/DTD/xhtml1-transitional.dtd">
<html xmlns="http://www.w3.org/1999/xhtml" xml:lang="en" lang="en">
 <head>
  <title>
</title>
<meta http-equiv="Content-Type" content="text/html;charset=utf-8" />
  <meta name='ocr-system' content='tesseract 3.04.00' />
  <meta name='ocr-capabilities' content='ocr_page ocr_carea ocr_par ocr_line ocrx_word'/>
</head>
<body>
  <div class='ocr_page' id='page_1' title='image "./dehistoriamorbo00hoevgoog_0285.png"; bbox 0 0 2872 4870; ppageno 0'>
   <div class='ocr_carea' id='block_1_1' title="bbox 302 367 1127 460">
    <p class='ocr_par' dir='ltr' id='par_1_1' title="bbox 302 367 1127 460">
     <span class='ocr_line' id='line_1_1' title="bbox 302 367 1127 460; baseline -0.005 -22"><span class='ocrx_word' id='word_1_1' title='bbox 302 379 362 440; x_wconf 80' lang='lat' dir='ltr'><strong>aue</strong></span> <span class='ocrx_word' id='word_1_2' title='bbox 493 370 550 440; x_wconf 81' lang='lat' dir='ltr'><strong>,ur</strong></span> <span class='ocrx_word' id='word_1_3' title='bbox 573 371 715 460; x_wconf 79' lang='lat' dir='ltr'><strong>nonnis</strong></span> <span class='ocrx_word' id='word_1_4' title='bbox 736 368 871 430; x_wconf 72' lang='lat' dir='ltr'><strong>eursu</strong></span> <span class='ocrx_word' id='word_1_5' title='bbox 892 367 1127 434; x_wconf 76' lang='lat' dir='ltr'><strong>urinumors.</strong></span> 
     </span>
    </p>
   </div>
   <div class='ocr_carea' id='block_1_2' title="bbox 206 534 1325 1023">
    <p class='ocr_par' dir='ltr' id='par_1_2' title="bbox 206 534 1325 900">
     <span class='ocr_line' id='line_1_2' title="bbox 305 534 1323 647; baseline -0.003 -19"><span class='ocrx_word' id='word_1_6' title='bbox 305 557 351 630; x_wconf 82' lang='lat' dir='ltr'><strong>ab</strong></span> <span class='ocrx_word' id='word_1_7' title='bbox 369 556 470 628; x_wconf 86' lang='lat' dir='ltr'><strong>erud.</strong></span> <span class='ocrx_word' id='word_1_8' title='bbox 494 534 660 628; x_wconf 68' lang='lat' dir='ltr'><strong>litlinto-¹</strong></span> <span class='ocrx_word' id='word_1_9' title='bbox 693 551 845 627; x_wconf 76' lang='lat' dir='ltr'><strong>nemum</strong></span> <span class='ocrx_word' id='word_1_10' title='bbox 863 572 943 620; x_wconf 82' lang='lat' dir='ltr'><strong>aun.</strong></span> <span class='ocrx_word' id='word_1_11' title='bbox 966 549 1058 629; x_wconf 83' lang='grc'><strong>1770</strong></span> <span class='ocrx_word' id='word_1_12' title='bbox 1076 565 1117 624; x_wconf 85' lang='lat' dir='ltr'><strong>et</strong></span> <span class='ocrx_word' id='word_1_13' title='bbox 1141 552 1241 636; x_wconf 86' lang='grc'><strong>1771.</strong></span> <span class='ocrx_word' id='word_1_14' title='bbox 1251 579 1323 647; x_wconf 75' lang='lat' dir='ltr'><strong>&#39;reg-</strong></span> 
     </span>
     <span class='ocr_line' id='line_1_3' title="bbox 206 674 1325 773; baseline -0.002 -21"><span class='ocrx_word' id='word_1_15' title='bbox 206 715 209 722; x_wconf 52' lang='lat'>¹</span> <span class='ocrx_word' id='word_1_16' title='bbox 293 680 449 752; x_wconf 80' lang='lat' dir='ltr'><strong>‘naniem</strong></span> <span class='ocrx_word' id='word_1_17' title='bbox 478 679 527 754; x_wconf 81' lang='lat' dir='ltr'><strong>in.</strong></span> <span class='ocrx_word' id='word_1_18' title='bbox 551 675 674 752; x_wconf 81' lang='lat' dir='ltr'><strong>Gabia</strong></span> <span class='ocrx_word' id='word_1_19' title='bbox 698 674 853 746; x_wconf 80' lang='lat' dir='ltr'><strong>febrium</strong></span> <span class='ocrx_word' id='word_1_20' title='bbox 880 674 1104 768; x_wconf 86' lang='lat' dir='ltr'><strong>putridarum</strong></span> <span class='ocrx_word' id='word_1_21' title='bbox 1128 680 1325 773; x_wconf 83' lang='lat' dir='ltr'><strong>epidemiarn</strong></span> 
     </span>
     <span class='ocr_line' id='line_1_4' title="bbox 306 799 1021 900; baseline -0.014 -22"><span class='ocrx_word' id='word_1_22' title='bbox 306 808 439 900; x_wconf 80' lang='lat' dir='ltr'><strong>scripto</strong></span> <span class='ocrx_word' id='word_1_23' title='bbox 460 800 682 894; x_wconf 79' lang='lat' dir='ltr'><strong>consignarit</strong></span> <span class='ocrx_word' id='word_1_24' title='bbox 698 811 837 878; x_wconf 82' lang='lat' dir='ltr'><strong>nostras</strong></span> <span class='ocrx_word' id='word_1_25' title='bbox 857 817 906 870; x_wconf 81' lang='lat' dir='ltr'><strong>ue</strong></span> <span class='ocrx_word' id='word_1_26' title='bbox 926 799 1021 880; x_wconf 71' lang='lat' dir='ltr'><strong>bien</strong></span> 
     </span>
    </p>

    <p class='ocr_par' dir='ltr' id='par_1_3' title="bbox 311 923 1324 1023">
     <span class='ocr_line' id='line_1_5' title="bbox 311 923 1324 1023; baseline -0.002 -23"><span class='ocrx_word' id='word_1_27' title='bbox 311 976 315 984; x_wconf 90' lang='lat'>-</span> <span class='ocrx_word' id='word_1_28' title='bbox 354 932 432 1002; x_wconf 81' lang='lat' dir='ltr'><strong>Hac</strong></span> <span class='ocrx_word' id='word_1_29' title='bbox 448 951 513 1023; x_wconf 86' lang='lat' dir='ltr'><strong>per</strong></span> <span class='ocrx_word' id='word_1_30' title='bbox 530 947 633 998; x_wconf 84' lang='lat' dir='ltr'><strong>amne</strong></span> <span class='ocrx_word' id='word_1_31' title='bbox 646 923 807 1018; x_wconf 86' lang='lat' dir='ltr'><strong>Belgium</strong></span> <span class='ocrx_word' id='word_1_32' title='bbox 822 935 999 1015; x_wconf 83' lang='lat' dir='ltr'><strong>grassatae</strong></span> <span class='ocrx_word' id='word_1_33' title='bbox 1008 936 1109 1009; x_wconf 86' lang='lat' dir='ltr'><strong>sun‘t,</strong></span> <span class='ocrx_word' id='word_1_34' title='bbox 1135 929 1324 1009; x_wconf 70' lang='lat' dir='ltr'><strong>charactere</strong></span> 
     </span>
    </p>
   </div>
   <div class='ocr_carea' id='block_1_3' title="bbox 194 1047 1326 1146">
    <p class='ocr_par' dir='ltr' id='par_1_4' title="bbox 194 1047 1326 1146">
     <span class='ocr_line' id='line_1_6' title="bbox 194 1047 1326 1146; baseline -0.006 -19"><span class='ocrx_word' id='word_1_35' title='bbox 194 1136 196 1142; x_wconf 16' lang='lat' dir='ltr'>y</span> <span class='ocrx_word' id='word_1_36' title='bbox 305 1052 621 1145; x_wconf 71' lang='lat' dir='ltr'><strong>biliaco-gastrim,</strong></span> <span class='ocrx_word' id='word_1_37' title='bbox 646 1047 779 1119; x_wconf 79' lang='lat' dir='ltr'>similes</span> <span class='ocrx_word' id='word_1_38' title='bbox 801 1069 941 1129; x_wconf 85' lang='lat' dir='ltr'><strong>earum,</strong></span> <span class='ocrx_word' id='word_1_39' title='bbox 966 1071 1058 1142; x_wconf 86' lang='lat' dir='ltr'><strong>quae</strong></span> <span class='ocrx_word' id='word_1_40' title='bbox 1072 1073 1151 1144; x_wconf 82' lang='lat' dir='ltr'><strong>per</strong></span> <span class='ocrx_word' id='word_1_41' title='bbox 1168 1054 1326 1146; x_wconf 63' lang='lat' dir='ltr'><strong>relmuan</strong></span> 
     </span>
    </p>
   </div>
   <div class='ocr_carea' id='block_1_4' title="bbox 303 1151 1399 2016">
    <p class='ocr_par' dir='ltr' id='par_1_5' title="bbox 303 1151 1324 1514">
     <span class='ocr_line' id='line_1_7' title="bbox 303 1151 1323 1274; baseline -0.003 -27"><span class='ocrx_word' id='word_1_42' title='bbox 303 1200 447 1274; x_wconf 90' lang='lat' dir='ltr'><strong>quoque</strong></span> <span class='ocrx_word' id='word_1_43' title='bbox 480 1177 656 1268; x_wconf 87' lang='lat' dir='ltr'><strong>Europam</strong></span> <span class='ocrx_word' id='word_1_44' title='bbox 688 1182 899 1264; x_wconf 79' lang='lat' dir='ltr'><strong>propagatae</strong></span> <span class='ocrx_word' id='word_1_45' title='bbox 929 1184 1025 1245; x_wconf 87' lang='lat' dir='ltr'><strong>eunt.</strong></span> <span class='ocrx_word' id='word_1_46' title='bbox 1073 1151 1210 1246; x_wconf 75' lang='lat' dir='ltr'><strong>Eodem</strong></span> <span class='ocrx_word' id='word_1_47' title='bbox 1243 1199 1323 1246; x_wconf 89' lang='lat' dir='ltr'><strong>anno</strong></span> 
     </span>
     <span class='ocr_line' id='line_1_8' title="bbox 309 1279 1324 1386; baseline -0.003 -16"><span class='ocrx_word' id='word_1_48' title='bbox 309 1295 412 1386; x_wconf 82' lang='lat'><strong>1770.</strong></span> <span class='ocrx_word' id='word_1_49' title='bbox 438 1301 475 1369; x_wconf 91' lang='lat' dir='ltr'><strong>in</strong></span> <span class='ocrx_word' id='word_1_50' title='bbox 492 1295 683 1369; x_wconf 86' lang='lat' dir='ltr'><strong>Hollarrdia</strong></span> <span class='ocrx_word' id='word_1_51' title='bbox 701 1295 851 1386; x_wconf 81' lang='lat' dir='ltr'><strong>anginae</strong></span> <span class='ocrx_word' id='word_1_52' title='bbox 869 1295 1052 1366; x_wconf 82' lang='lat' dir='ltr'><strong>ulcerosae</strong></span> <span class='ocrx_word' id='word_1_53' title='bbox 1072 1279 1324 1372; x_wconf 84' lang='lat' dir='ltr'><strong>animadversae</strong></span> 
     </span>
     <span class='ocr_line' id='line_1_9' title="bbox 306 1415 1147 1514; baseline -0.006 -14"><span class='ocrx_word' id='word_1_54' title='bbox 306 1438 407 1506; x_wconf 85' lang='lat' dir='ltr'><strong>eunt,</strong></span> <span class='ocrx_word' id='word_1_55' title='bbox 433 1424 764 1514; x_wconf 52' lang='lat' dir='ltr'><strong>denumerentur</strong></span> <span class='ocrx_word' id='word_1_56' title='bbox 787 1415 889 1492; x_wconf 76' lang='lat'><strong>1746.</strong></span> <span class='ocrx_word' id='word_1_57' title='bbox 915 1432 1147 1496; x_wconf 82' lang='lat' dir='ltr'><strong>revertentes.</strong></span> 
     </span>
    </p>

    <p class='ocr_par' dir='ltr' id='par_1_6' title="bbox 305 1539 1399 2016">
     <span class='ocr_line' id='line_1_10' title="bbox 355 1539 1399 1642; baseline -0.004 -24"><span class='ocrx_word' id='word_1_58' title='bbox 355 1549 456 1642; x_wconf 84' lang='lat' dir='ltr'><strong>Quae</strong></span> <span class='ocrx_word' id='word_1_59' title='bbox 480 1570 502 1614; x_wconf 87' lang='lat' dir='ltr'><strong>a</strong></span> <span class='ocrx_word' id='word_1_60' title='bbox 523 1545 643 1615; x_wconf 87' lang='lat' dir='ltr'><strong>seculo</strong></span> <span class='ocrx_word' id='word_1_61' title='bbox 652 1542 792 1615; x_wconf 82' lang='lat' dir='ltr'><strong>XVIII.</strong></span> <span class='ocrx_word' id='word_1_62' title='bbox 817 1542 936 1613; x_wconf 89' lang='lat' dir='ltr'><strong>medio</strong></span> <span class='ocrx_word' id='word_1_63' title='bbox 954 1545 1078 1616; x_wconf 88' lang='lat' dir='ltr'><strong>crebro</strong></span> <span class='ocrx_word' id='word_1_64' title='bbox 1096 1559 1324 1618; x_wconf 76' lang='lat' dir='ltr'><strong>memorantur</strong></span> <span class='ocrx_word' id='word_1_65' title='bbox 1398 1539 1399 1558; x_wconf 58' lang='lat'>¹</span> 
     </span>
     <span class='ocr_line' id='line_1_11' title="bbox 308 1665 1325 1761; baseline -0.008 -14"><span class='ocrx_word' id='word_1_66' title='bbox 308 1673 425 1746; x_wconf 84' lang='lat' dir='ltr'><strong>febres</strong></span> <span class='ocrx_word' id='word_1_67' title='bbox 454 1669 602 1740; x_wconf 86' lang='lat' dir='ltr'><strong>biliosac</strong></span> <span class='ocrx_word' id='word_1_68' title='bbox 628 1667 820 1761; x_wconf 85' lang='lat' dir='ltr'><strong>gastricae,</strong></span> <span class='ocrx_word' id='word_1_69' title='bbox 854 1665 1065 1758; x_wconf 87' lang='lat' dir='ltr'><strong>pituitosae,</strong></span> <span class='ocrx_word' id='word_1_70' title='bbox 1095 1673 1325 1748; x_wconf 79' lang='lat' dir='ltr'><strong>verminosac,</strong></span> 
     </span>
     <span class='ocr_line' id='line_1_12' title="bbox 307 1788 1328 1894; baseline -0.006 -25"><span class='ocrx_word' id='word_1_71' title='bbox 307 1810 430 1894; x_wconf 88' lang='lat' dir='ltr'><strong>postca</strong></span> <span class='ocrx_word' id='word_1_72' title='bbox 455 1791 613 1883; x_wconf 79' lang='lat' dir='ltr'><strong>febribus</strong></span> <span class='ocrx_word' id='word_1_73' title='bbox 639 1788 894 1860; x_wconf 85' lang='lat' dir='ltr'><strong>catarrhalibus</strong></span> <span class='ocrx_word' id='word_1_74' title='bbox 927 1793 1086 1863; x_wconf 79' lang='lat' dir='ltr'><strong>nervosis</strong></span> <span class='ocrx_word' id='word_1_75' title='bbox 1115 1795 1235 1866; x_wconf 86' lang='lat' dir='ltr'><strong>iocum</strong></span> <span class='ocrx_word' id='word_1_76' title='bbox 1265 1819 1328 1865; x_wconf 85' lang='lat' dir='ltr'><strong>ees·</strong></span> 
     </span>
     <span class='ocr_line' id='line_1_13' title="bbox 305 1912 1326 2016; baseline -0.004 -24"><span class='ocrx_word' id='word_1_77' title='bbox 305 1922 390 2016; x_wconf 77' lang='lat' dir='ltr'><strong>sisse</strong></span> <span class='ocrx_word' id='word_1_78' title='bbox 415 1919 607 1992; x_wconf 77' lang='lat' dir='ltr'><strong>videntur:</strong></span> <span class='ocrx_word' id='word_1_79' title='bbox 631 1912 931 2008; x_wconf 88' lang='lat' dir='ltr'><strong>quemadmodum</strong></span> <span class='ocrx_word' id='word_1_80' title='bbox 961 1938 1067 2009; x_wconf 84' lang='lat' dir='ltr'><strong>supra</strong></span> <span class='ocrx_word' id='word_1_81' title='bbox 1088 1917 1164 2011; x_wconf 80' lang='lat' dir='ltr'><strong>jam</strong></span> <span class='ocrx_word' id='word_1_82' title='bbox 1189 1920 1326 1990; x_wconf 85' lang='lat' dir='ltr'><strong>adnota-</strong></span> 
     </span>
    </p>
   </div>
   <div class='ocr_carea' id='block_1_5' title="bbox 160 2037 467 2119">
    <p class='ocr_par' dir='ltr' id='par_1_7' title="bbox 160 2037 467 2119">
     <span class='ocr_line' id='line_1_14' title="bbox 160 2037 467 2119; baseline -0.026 1"><span class='ocrx_word' id='word_1_83' title='bbox 160 2097 163 2101; x_wconf 28' lang='grc' dir='ltr'><em>ι</em></span> <span class='ocrx_word' id='word_1_84' title='bbox 304 2047 433 2119; x_wconf 83' lang='lat' dir='ltr'><strong>rimus.</strong></span> <span class='ocrx_word' id='word_1_85' title='bbox 464 2037 467 2046; x_wconf 83' lang='grc'><strong>’</strong></span> 
     </span>
    </p>
   </div>
   <div class='ocr_carea' id='block_1_6' title="bbox 653 2249 971 2282">
    <p class='ocr_par' dir='ltr' id='par_1_8' title="bbox 653 2249 971 2282">
     <span class='ocr_line' id='line_1_15' title="bbox 653 2249 971 2282; baseline 0.003 -2"><span class='ocrx_word' id='word_1_86' title='bbox 653 2249 971 2282; x_wconf 64' lang='lat' dir='ltr'><strong>mmmm</strong></span> 
     </span>
    </p>
   </div>
   <div class='ocr_carea' id='block_1_7' title="bbox 453 2435 1192 2503">
    <p class='ocr_par' dir='ltr' id='par_1_9' title="bbox 453 2435 1192 2503">
     <span class='ocr_line' id='line_1_16' title="bbox 453 2435 1192 2503; baseline 0.001 -1"><span class='ocrx_word' id='word_1_87' title='bbox 453 2439 504 2502; x_wconf 82' lang='lat' dir='ltr'><strong>DE</strong></span> <span class='ocrx_word' id='word_1_88' title='bbox 534 2435 677 2498; x_wconf 78' lang='lat' dir='ltr'><strong>nottuls</strong></span> <span class='ocrx_word' id='word_1_89' title='bbox 706 2436 928 2500; x_wconf 73' lang='lat' dir='ltr'>GERMANIAE</span> <span class='ocrx_word' id='word_1_90' title='bbox 956 2435 1192 2503; x_wconf 73' lang='lat' dir='ltr'><strong>urtoeutcts.</strong></span> 
     </span>
    </p>
   </div>
   <div class='ocr_carea' id='block_1_8' title="bbox 173 2674 1327 4140">
    <p class='ocr_par' dir='ltr' id='par_1_10' title="bbox 173 2674 1327 4140">
     <span class='ocr_line' id='line_1_17' title="bbox 339 2674 1327 2773; baseline -0.007 -20"><span class='ocrx_word' id='word_1_91' title='bbox 339 2682 501 2766; x_wconf 71' lang='lat' dir='ltr'><strong>,Febres</strong></span> <span class='ocrx_word' id='word_1_92' title='bbox 543 2674 731 2769; x_wconf 85' lang='lat' dir='ltr'><strong>putridae.</strong></span> <span class='ocrx_word' id='word_1_93' title='bbox 774 2677 1012 2772; x_wconf 81' lang='lat' dir='ltr'><strong>pctechiaics.</strong></span> <span class='ocrx_word' id='word_1_94' title='bbox 1054 2678 1327 2773; x_wconf 68' lang='lat' dir='ltr'><strong>erysipelaceae,</strong></span> 
     </span>
     <span class='ocr_line' id='line_1_18' title="bbox 304 2799 1326 2906; baseline -0.006 -26"><span class='ocrx_word' id='word_1_95' title='bbox 304 2799 528 2906; x_wconf 79' lang='lat' dir='ltr'><strong>dysenteriae</strong></span> <span class='ocrx_word' id='word_1_96' title='bbox 550 2799 726 2895; x_wconf 89' lang='lat' dir='ltr'><strong>principio</strong></span> <span class='ocrx_word' id='word_1_97' title='bbox 756 2803 867 2872; x_wconf 86' lang='lat' dir='ltr'><strong>seculi</strong></span> <span class='ocrx_word' id='word_1_98' title='bbox 891 2801 1024 2874; x_wconf 79' lang='lat' dir='ltr'><strong>decimi</strong></span> <span class='ocrx_word' id='word_1_99' title='bbox 1051 2803 1171 2875; x_wconf 84' lang='lat' dir='ltr'><strong>octavi</strong></span> <span class='ocrx_word' id='word_1_100' title='bbox 1201 2826 1326 2898; x_wconf 87' lang='lat' dir='ltr'><strong>grassa·</strong></span> 
     </span>
     <span class='ocr_line' id='line_1_19' title="bbox 303 2924 1326 3018; baseline -0.012 -12"><span class='ocrx_word' id='word_1_101' title='bbox 303 2938 444 3006; x_wconf 86' lang='lat' dir='ltr'><strong>bantur.</strong></span> <span class='ocrx_word' id='word_1_102' title='bbox 492 2927 625 2998; x_wconf 87' lang='lat' dir='ltr'><strong>Secuta</strong></span> <span class='ocrx_word' id='word_1_103' title='bbox 646 2937 701 2994; x_wconf 88' lang='lat' dir='ltr'><strong>cat</strong></span> <span class='ocrx_word' id='word_1_104' title='bbox 722 2924 836 2996; x_wconf 79' lang='lat' dir='ltr'><strong>febris</strong></span> <span class='ocrx_word' id='word_1_105' title='bbox 860 2925 1223 3018; x_wconf 76' lang='lat' dir='ltr'><strong>miliaris.‘regnaute</strong></span> <span class='ocrx_word' id='word_1_106' title='bbox 1251 2951 1326 2996; x_wconf 90' lang='lat' dir='ltr'><strong>cou-</strong></span> 
     </span>
     <span class='ocr_line' id='line_1_20' title="bbox 304 3035 1327 3144; baseline -0.014 -13"><span class='ocrx_word' id='word_1_107' title='bbox 304 3054 508 3139; x_wconf 76' lang='lat' dir='ltr'><strong>stitutione</strong></span> <span class='ocrx_word' id='word_1_108' title='bbox 524 3047 747 3128; x_wconf 69' lang='lat' dir='ltr'><strong>scorbario,</strong></span> <span class='ocrx_word' id='word_1_109' title='bbox 781 3073 875 3144; x_wconf 88' lang='lat' dir='ltr'><strong>quae</strong></span> <span class='ocrx_word' id='word_1_110' title='bbox 908 3060 1034 3142; x_wconf 85' lang='lat' dir='ltr'><strong>postea</strong></span> <span class='ocrx_word' id='word_1_111' title='bbox 1063 3050 1206 3142; x_wconf 87' lang='lat' dir='ltr'><strong>saepius</strong></span> <span class='ocrx_word' id='word_1_112' title='bbox 1229 3035 1327 3142; x_wconf 85' lang='lat' dir='ltr'><strong>pluri·</strong></span> 
     </span>
     <span class='ocr_line' id='line_1_21' title="bbox 307 3171 1324 3275; baseline -0.014 -21"><span class='ocrx_word' id='word_1_113' title='bbox 307 3185 445 3275; x_wconf 88' lang='lat' dir='ltr'><strong>busque</strong></span> <span class='ocrx_word' id='word_1_114' title='bbox 460 3175 549 3246; x_wconf 85' lang='lat' dir='ltr'><strong>locis</strong></span> <span class='ocrx_word' id='word_1_115' title='bbox 564 3172 690 3244; x_wconf 89' lang='lat' dir='ltr'><strong>rediit:</strong></span> <span class='ocrx_word' id='word_1_116' title='bbox 717 3175 896 3251; x_wconf 81' lang='lat' dir='ltr'><strong>anxietate</strong></span> <span class='ocrx_word' id='word_1_117' title='bbox 917 3173 1128 3266; x_wconf 86' lang='lat' dir='ltr'><strong>cardialgica</strong></span> <span class='ocrx_word' id='word_1_118' title='bbox 1143 3171 1324 3266; x_wconf 79' lang='lat' dir='ltr'><strong>peculiari,</strong></span> 
     </span>
     <span class='ocr_line' id='line_1_22' title="bbox 305 3295 1327 3392; baseline -0.012 -16"><span class='ocrx_word' id='word_1_119' title='bbox 305 3299 488 3376; x_wconf 87' lang='lat' dir='ltr'><strong>doloribus</strong></span> <span class='ocrx_word' id='word_1_120' title='bbox 511 3297 655 3392; x_wconf 83' lang='lat' dir='ltr'><strong>capitis.</strong></span> <span class='ocrx_word' id='word_1_121' title='bbox 681 3297 899 3378; x_wconf 83' lang='lat' dir='ltr'><strong>lumborum,</strong></span> <span class='ocrx_word' id='word_1_122' title='bbox 933 3309 1093 3376; x_wconf 86' lang='lat' dir='ltr'><strong>artuum,</strong></span> <span class='ocrx_word' id='word_1_123' title='bbox 1119 3319 1161 3367; x_wconf 88' lang='lat' dir='ltr'><strong>ac</strong></span> <span class='ocrx_word' id='word_1_124' title='bbox 1184 3295 1327 3390; x_wconf 83' lang='lat' dir='ltr'><strong>pervigi-</strong></span> 
     </span>
     <span class='ocr_line' id='line_1_23' title="bbox 305 3395 1326 3520; baseline -0.01 -22"><span class='ocrx_word' id='word_1_125' title='bbox 305 3429 355 3499; x_wconf 83' lang='lat' dir='ltr'><strong>lio</strong></span> <span class='ocrx_word' id='word_1_126' title='bbox 380 3399 564 3520; x_wconf 74' lang='lat' dir='ltr'><strong>nitebilis,</strong></span> <span class='ocrx_word' id='word_1_127' title='bbox 589 3419 686 3512; x_wconf 92' lang='lat' dir='ltr'><strong>quod</strong></span> <span class='ocrx_word' id='word_1_128' title='bbox 704 3395 904 3513; x_wconf 77' lang='lat' dir='ltr'><strong>excipiebat</strong></span> <span class='ocrx_word' id='word_1_129' title='bbox 927 3443 1031 3514; x_wconf 84' lang='lat' dir='ltr'><strong>sopor</strong></span> <span class='ocrx_word' id='word_1_130' title='bbox 1056 3443 1210 3516; x_wconf 85' lang='lat' dir='ltr'><strong>cumque</strong></span> <span class='ocrx_word' id='word_1_131' title='bbox 1228 3423 1326 3492; x_wconf 83' lang='lat' dir='ltr'><strong>ctiam</strong></span> 
     </span>
     <span class='ocr_line' id='line_1_24' title="bbox 303 3543 1325 3646; baseline -0.005 -27"><span class='ocrx_word' id='word_1_132' title='bbox 303 3546 492 3646; x_wconf 88' lang='lat' dir='ltr'><strong>petechiae</strong></span> <span class='ocrx_word' id='word_1_133' title='bbox 522 3543 688 3614; x_wconf 85' lang='lat' dir='ltr'><strong>adessent</strong></span> <span class='ocrx_word' id='word_1_134' title='bbox 699 3549 711 3624; x_wconf 77' lang='grc'><strong>,’</strong></span> <span class='ocrx_word' id='word_1_135' title='bbox 744 3543 854 3614; x_wconf 80' lang='lat' dir='ltr'><strong>febris</strong></span> <span class='ocrx_word' id='word_1_136' title='bbox 881 3566 1038 3637; x_wconf 89' lang='lat' dir='ltr'><strong>purpura</strong></span> <span class='ocrx_word' id='word_1_137' title='bbox 1068 3544 1215 3614; x_wconf 88' lang='lat' dir='ltr'><strong>miliaris</strong></span> <span class='ocrx_word' id='word_1_138' title='bbox 1236 3545 1325 3616; x_wconf 88' lang='lat' dir='ltr'><strong>dicta</strong></span> 
     </span>
     <span class='ocr_line' id='line_1_25' title="bbox 297 3645 1324 3762; baseline -0.009 -17"><span class='ocrx_word' id='word_1_139' title='bbox 297 3645 473 3752; x_wconf 48' lang='lat' dir='ltr'><strong>cstscui</strong></span> <span class='ocrx_word' id='word_1_140' title='bbox 503 3667 694 3761; x_wconf 84' lang='lat' dir='ltr'><strong>proderent</strong></span> <span class='ocrx_word' id='word_1_141' title='bbox 725 3665 1014 3738; x_wconf 87' lang='lat' dir='ltr'><strong>autiscorbutica.</strong></span> <span class='ocrx_word' id='word_1_142' title='bbox 1063 3666 1245 3762; x_wconf 89' lang='lat' dir='ltr'><strong>Principio</strong></span> <span class='ocrx_word' id='word_1_143' title='bbox 1262 3668 1324 3738; x_wconf 88' lang='lat' dir='ltr'><strong>elc-</strong></span> 
     </span>
     <span class='ocr_line' id='line_1_26' title="bbox 220 3790 1324 3885; baseline -0.011 -16"><span class='ocrx_word' id='word_1_144' title='bbox 220 3827 224 3836; x_wconf 74' lang='grc'>’</span> <span class='ocrx_word' id='word_1_145' title='bbox 303 3806 463 3868; x_wconf 91' lang='lat' dir='ltr'><strong>mentum</strong></span> <span class='ocrx_word' id='word_1_146' title='bbox 490 3790 708 3885; x_wconf 72' lang='lat' dir='ltr'><strong>parochiale,</strong></span> <span class='ocrx_word' id='word_1_147' title='bbox 734 3793 846 3862; x_wconf 86' lang='lat' dir='ltr'><strong>altera</strong></span> <span class='ocrx_word' id='word_1_148' title='bbox 864 3792 1010 3884; x_wconf 83' lang='lat' dir='ltr'><strong>periodo</strong></span> <span class='ocrx_word' id='word_1_149' title='bbox 1034 3790 1250 3862; x_wconf 88' lang='lat' dir='ltr'><strong>clementum</strong></span> <span class='ocrx_word' id='word_1_150' title='bbox 1268 3790 1324 3860; x_wconf 87' lang='lat' dir='ltr'><strong>rni-</strong></span> 
     </span>
     <span class='ocr_line' id='line_1_27' title="bbox 300 3913 1324 4011; baseline -0.012 -19"><span class='ocrx_word' id='word_1_151' title='bbox 300 3924 388 3993; x_wconf 83' lang='lat' dir='ltr'><strong>iiare</strong></span> <span class='ocrx_word' id='word_1_152' title='bbox 416 3916 617 4011; x_wconf 83' lang='lat' dir='ltr'><strong>superabat.</strong></span> <span class='ocrx_word' id='word_1_153' title='bbox 667 3916 804 3986; x_wconf 88' lang='lat' dir='ltr'><strong>Iterum</strong></span> <span class='ocrx_word' id='word_1_154' title='bbox 828 3914 957 4007; x_wconf 83' lang='lat' dir='ltr'><strong>typhus</strong></span> <span class='ocrx_word' id='word_1_155' title='bbox 986 3915 1199 4007; x_wconf 84' lang='lat' dir='ltr'><strong>petecbiaiis</strong></span> <span class='ocrx_word' id='word_1_156' title='bbox 1218 3925 1255 3984; x_wconf 90' lang='lat' dir='ltr'><strong>et</strong></span> <span class='ocrx_word' id='word_1_157' title='bbox 1275 3913 1324 3981; x_wconf 88' lang='lat' dir='ltr'><strong>in·</strong></span> 
     </span>
     <span class='ocr_line' id='line_1_28' title="bbox 173 4039 1325 4140; baseline -0.015 -18"><span class='ocrx_word' id='word_1_158' title='bbox 173 4068 175 4072; x_wconf 81' lang='grc'>’</span> <span class='ocrx_word' id='word_1_159' title='bbox 303 4047 541 4121; x_wconf 84' lang='lat' dir='ltr'><strong>termittentes</strong></span> <span class='ocrx_word' id='word_1_160' title='bbox 574 4054 750 4133; x_wconf 81' lang='lat' dir='ltr'><strong>grassatae</strong></span> <span class='ocrx_word' id='word_1_161' title='bbox 775 4051 868 4110; x_wconf 86' lang='lat' dir='ltr'><strong>sunt.</strong></span> <span class='ocrx_word' id='word_1_162' title='bbox 919 4039 986 4110; x_wconf 87' lang='lat' dir='ltr'><strong>Eas</strong></span> <span class='ocrx_word' id='word_1_163' title='bbox 1017 4051 1231 4140; x_wconf 83' lang='lat' dir='ltr'><strong>exceperunt</strong></span> <span class='ocrx_word' id='word_1_164' title='bbox 1257 4060 1325 4128; x_wconf 71' lang='lat' dir='ltr'><strong>erp·</strong></span> 
     </span>
    </p>
   </div>
   <div class='ocr_carea' id='block_1_9' title="bbox 0 0 1440 4870">
    <p class='ocr_par' dir='ltr' id='par_1_11' title="bbox 0 0 1440 4870">
     <span class='ocr_line' id='line_1_29' title="bbox 0 0 1440 4870; baseline 0 0"><span class='ocrx_word' id='word_1_165' title='bbox 0 0 1440 4870; x_wconf 95' lang='lat' dir='ltr'><strong> </strong></span> 
     </span>
    </p>
   </div>
  </div>
 </body>
</html>
