2900 4874
617 659 865 691 ψ

222 855 233 864 “
305 841 428 906 tenls
458 843 616 920 SACER,
646 845 750 910 SlVE
778 845 943 908 ssttctt
972 849 1166 918 Antoren.

220 1112 225 1126 ·
280 1075 414 1158 Eodem
447 1095 605 1179 tempore
633 1085 700 1155 sub
727 1085 870 1156 nomine
900 1086 999 1178 Ignis
1023 1092 1136 1173 sacri,
1172 1095 1247 1166 sive

220 1211 323 1305 'Ignis
341 1209 462 1283 Sancti
482 1209 631 1280 Antonii
657 1231 722 1302 per
744 1211 930 1280 nonnullas
949 1209 1084 1284 Galliae
1102 1219 1245 1306 provin·

219 1339 297 1408 cias
323 1334 449 1406 saeviit
484 1355 680 1424 gangraenas
710 1334 927 1425 epidemica,
951 1357 1059 1427 quarn
1085 1335 1130 1405 ad
1159 1361 1245 1430 gan-

163 1467 167 1480 '
223 1481 386 1554 graonam
425 1457 612 1526 secalinam
634 1455 710 1526 sire
736 1457 963 1547 ergotismum
993 1457 1143 1541 referre,
1175 1485 1243 1532 nn·

216 1580 393 1680 percitis
419 1579 534 1649 doctis
559 1579 705 1671 placuit.
752 1579 909 1652 Vocatur
937 1590 1058 1651 autem
1085 1605 1107 1652 a
1132 1585 1243 1654 medii

215 1707 313 1778 'aeri
344 1701 574 1797 scriptoribus
608 1702 750 1772 morbus
792 1702 978 1783 tabificus,
1023 1705 1098 1776 sire
1132 1708 1241 1800 pestis

217 1805 393 1925 quaedam
419 1827 675 1920 phlegmatica,
708 1847 800 1922 quae
822 1825 983 1896 dolorum
1020 1829 1241 1902 immanitate

211 1951 409 2048 'torquebat
426 1947 671 2041 aegrotantes,
698 1961 741 2019 ut
760 1971 846 2044 prae
861 1949 984 2020 dolore
1004 1951 1240 2024 exclamarent

211 2075 457 2166 dentibusque
486 2071 689 2155 striderent,
714 2097 756 2144 ac
771 2072 1003 2156 describitur,
1030 2079 1131 2169 quasi
1149 2077 1240 2168 ignis

212 2197 403 2270 'invisibilis
422 2197 583 2298 occultus
610 2219 731 2267 carnes
756 2209 978 2269 consumeret
1004 2209 1042 2270 et
1067 2199 1129 2270 abs
1155 2199 1240 2270 ossi·-

210 2323 283 2392 bus
308 2319 547 2412 discerperet,
574 2330 657 2388 onte
677 2319 885 2422 livescente,
911 2332 975 2390 aut
994 2321 1236 2415 nigrescente,

209 2443 326 2516 ‘rarius
349 2443 484 2514 'vesicas
509 2452 689 2536 turgentes
709 2443 915 2524 obterente,
942 2447 1096 2514 externis
1125 2449 1236 2540 parti·

209 2569 280 2639 bus
303 2563 511 2660 frigentibus
530 2588 571 2634 ac
594 2561 666 2634 tam
690 2567 833 2658 gelidis,
858 2579 897 2638 ut
924 2569 1022 2638 nullo
1050 2571 1158 2640 modo
1175 2595 1236 2641 ca·

206 2688 396 2762 lescerent.
444 2687 549 2782 Ipsae
578 2701 697 2783 partes
725 2688 876 2759 affectae
905 2691 1017 2760 instar
1043 2693 1237 2782 carbonum

207 2809 471 2906 nigrescentes,
497 2833 620 2882 exesae
639 2811 842 2882 detestabili
862 2813 1053 2906 putredine
1072 2839 1233 2886 consum·

203 2945 267 3008 tae
288 2961 331 3008 ac
350 2935 528 3029 'tamquam
546 2945 689 3010 exustae
711 2935 918 3009 defluebant
941 2949 1137 3033 petraeque
1159 2963 1236 3010 car-

203 3063 264 3133 'nis
293 3045 409 3132 foetor
436 3067 555 3132 aerem
582 3060 838 3152 corrumpebat.
888 3059 1045 3150 Tandem
1074 3063 1233 3134 membca

201 3185 377 3256 'dissoluta
401 3181 616 3258 decidebant
640 3183 807 3278 aegrique
827 3184 1048 3256 manibuset
1078 3187 1231 3279 pedibus

202 3307 362 3378 'truncati
381 3319 532 3377 mortem
549 3302 785 3399 expetebant:
803 3308 973 3378 malorum
987 3309 1111 3380 finem:
1137 3333 1231 3405 quae

199 3422 326 3502 'tamen'
346 3453 418 3500 non
444 3441 566 3500 secuta
586 3443 657 3510 est,
684 3432 890 3524 priusquam
911 3431 1088 3524 prioribus
1104 3433 1233 3526 depas-

197 3553 251 3623 ‘tis
277 3551 425 3624 artubus
457 3552 600 3622 morbus
627 3555 784 3622 membra
806 3543 928 3624 vitalia
945 3552 1088 3626 invasit.
1137 3556 1240 3647 Tum¹

197 3678 308 3771 'quasi
326 3676 409 3769 igne
433 3673 629 3748 interanea,
646 3675 876 3750 comburente
900 3675 1112 3770 gravissimis
1131 3679 1231 3749 dolo-

202 3800 301 3874 ribus
327 3799 627 3880 succumbebant,
652 3810 715 3868 aut
745 3798 855 3870 exesis
890 3800 1087 3872 visceribus
1112 3803 1230 3876 tabes-

202 3923 352 3994 cebant:
386 3924 445 3993 alii
472 3933 594 3993 contra
621 3923 754 4016 absque
781 3923 981 3995 adustionis·
1003 3901 1098 3996 no'tas
1117 3928 1231 3998 extin-

204 4047 413 4144 guebantut.
463 4047 598 4140 Quodsi
623 4049 931 4128 convalescerent,
956 4049 1111 4120 membra
1128 4050 1232 4143 prius
