<?xml version="1.0" encoding="UTF-8"?>
<!DOCTYPE html PUBLIC "-//W3C//DTD XHTML 1.0 Transitional//EN"
    "http://www.w3.org/TR/xhtml1/DTD/xhtml1-transitional.dtd">
<html xmlns="http://www.w3.org/1999/xhtml" xml:lang="en" lang="en">
 <head>
  <title>
</title>
<meta http-equiv="Content-Type" content="text/html;charset=utf-8" />
  <meta name='ocr-system' content='tesseract 3.04.00' />
  <meta name='ocr-capabilities' content='ocr_page ocr_carea ocr_par ocr_line ocrx_word'/>
</head>
<body>
  <div class='ocr_page' id='page_1' title='image "./dehistoriamorbo00hoevgoog_0175.png"; bbox 0 0 2834 4874; ppageno 0'>
   <div class='ocr_carea' id='block_1_1' title="bbox 248 345 988 410">
    <p class='ocr_par' dir='ltr' id='par_1_1' title="bbox 248 345 988 410">
     <span class='ocr_line' id='line_1_1' title="bbox 248 345 988 410; baseline 0 0"><span class='ocrx_word' id='word_1_1' title='bbox 248 352 304 410; x_wconf 82' lang='lat'><strong>156</strong></span> <span class='ocrx_word' id='word_1_2' title='bbox 521 345 988 410; x_wconf 68' lang='lat' dir='ltr'><strong>insusurrat-:urus</strong></span> 
     </span>
    </p>
   </div>
   <div class='ocr_carea' id='block_1_2' title="bbox 82 523 1276 3960">
    <p class='ocr_par' dir='ltr' id='par_1_2' title="bbox 82 523 1276 3960">
     <span class='ocr_line' id='line_1_2' title="bbox 244 523 1271 625; baseline 0.004 -27"><span class='ocrx_word' id='word_1_3' title='bbox 244 525 486 625; x_wconf 72' lang='lat' dir='ltr'><strong>Septembrem</strong></span> <span class='ocrx_word' id='word_1_4' title='bbox 513 523 901 618; x_wconf 81' lang='lat' dir='ltr'><strong>ejusdemanni1695.</strong></span> <span class='ocrx_word' id='word_1_5' title='bbox 927 528 1123 600; x_wconf 83' lang='lat' dir='ltr'>identidem</span> <span class='ocrx_word' id='word_1_6' title='bbox 1150 556 1271 604; x_wconf 88' lang='lat' dir='ltr'><strong>recur-</strong></span> 
     </span>
     <span class='ocr_line' id='line_1_3' title="bbox 141 649 1269 745; baseline 0.003 -23"><span class='ocrx_word' id='word_1_7' title='bbox 141 685 144 690; x_wconf 95' lang='lat'>·</span> <span class='ocrx_word' id='word_1_8' title='bbox 242 665 361 743; x_wconf 75' lang='lat' dir='ltr'><strong>rentes</strong></span> <span class='ocrx_word' id='word_1_9' title='bbox 385 673 456 720; x_wconf 92' lang='lat' dir='ltr'><strong>non</strong></span> <span class='ocrx_word' id='word_1_10' title='bbox 482 659 619 719; x_wconf 89' lang='lat' dir='ltr'><strong>tanturn</strong></span> <span class='ocrx_word' id='word_1_11' title='bbox 645 649 815 720; x_wconf 90' lang='lat' dir='ltr'><strong>deteriori</strong></span> <span class='ocrx_word' id='word_1_12' title='bbox 829 652 1020 745; x_wconf 89' lang='lat' dir='ltr'><strong>putredine</strong></span> <span class='ocrx_word' id='word_1_13' title='bbox 1044 655 1269 726; x_wconf 80' lang='lat' dir='ltr'><strong>immaturum</strong></span> 
     </span>
     <span class='ocr_line' id='line_1_4' title="bbox 191 764 1270 872; baseline 0.004 -26"><span class='ocrx_word' id='word_1_14' title='bbox 191 764 194 770; x_wconf 41' lang='lat'>¹</span> <span class='ocrx_word' id='word_1_15' title='bbox 243 798 431 870; x_wconf 80' lang='lat' dir='ltr'><strong>aquarum,</strong></span> <span class='ocrx_word' id='word_1_16' title='bbox 457 796 579 843; x_wconf 85' lang='lat' dir='ltr'><strong>verum</strong></span> <span class='ocrx_word' id='word_1_17' title='bbox 609 772 760 843; x_wconf 81' lang='lat' dir='ltr'><strong>faciliori</strong></span> <span class='ocrx_word' id='word_1_18' title='bbox 786 797 929 870; x_wconf 89' lang='lat' dir='ltr'><strong>quoque</strong></span> <span class='ocrx_word' id='word_1_19' title='bbox 957 775 1197 872; x_wconf 76' lang='lat' dir='ltr'><strong>sublimationi</strong></span> <span class='ocrx_word' id='word_1_20' title='bbox 1229 804 1270 850; x_wconf 88' lang='lat' dir='ltr'><strong>ac</strong></span> 
     </span>
     <span class='ocr_line' id='line_1_5' title="bbox 82 896 1270 992; baseline -0.001 -18"><span class='ocrx_word' id='word_1_21' title='bbox 82 903 87 916; x_wconf 70' lang='grc'><em>“</em></span> <span class='ocrx_word' id='word_1_22' title='bbox 194 953 196 958; x_wconf 91' lang='grc'>-</span> <span class='ocrx_word' id='word_1_23' title='bbox 241 900 411 974; x_wconf 83' lang='lat' dir='ltr'><strong>delationi</strong></span> <span class='ocrx_word' id='word_1_24' title='bbox 441 896 670 992; x_wconf 88' lang='lat' dir='ltr'><strong>malignorum</strong></span> <span class='ocrx_word' id='word_1_25' title='bbox 705 896 928 968; x_wconf 79' lang='lat' dir='ltr'><strong>effluviorum</strong></span> <span class='ocrx_word' id='word_1_26' title='bbox 963 922 1035 968; x_wconf 92' lang='lat' dir='ltr'><strong>non</strong></span> <span class='ocrx_word' id='word_1_27' title='bbox 1065 900 1102 970; x_wconf 88' lang='lat' dir='ltr'><strong>in</strong></span> <span class='ocrx_word' id='word_1_28' title='bbox 1135 902 1270 973; x_wconf 85' lang='lat' dir='ltr'><strong>vicinas</strong></span> 
     </span>
     <span class='ocr_line' id='line_1_6' title="bbox 241 1003 1269 1116; baseline 0.002 -20"><span class='ocrx_word' id='word_1_29' title='bbox 241 1025 413 1098; x_wconf 81' lang='lat' dir='ltr'><strong>duntaxat</strong></span> <span class='ocrx_word' id='word_1_30' title='bbox 432 1020 555 1100; x_wconf 88' lang='lat' dir='ltr'><strong>aedes,</strong></span> <span class='ocrx_word' id='word_1_31' title='bbox 581 1021 774 1090; x_wconf 88' lang='lat' dir='ltr'><strong>sedetiam</strong></span> <span class='ocrx_word' id='word_1_32' title='bbox 797 1045 909 1116; x_wconf 89' lang='lat' dir='ltr'><strong>nsque</strong></span> <span class='ocrx_word' id='word_1_33' title='bbox 936 1022 983 1093; x_wconf 86' lang='lat' dir='ltr'><strong>ad</strong></span> <span class='ocrx_word' id='word_1_34' title='bbox 1011 1023 1179 1094; x_wconf 84' lang='lat' dir='ltr'><strong>finitimas</strong></span> <span class='ocrx_word' id='word_1_35' title='bbox 1205 1003 1269 1098; x_wconf 75' lang='lat' dir='ltr'><strong>arl-</strong></span> 
     </span>
     <span class='ocr_line' id='line_1_7' title="bbox 241 1145 1265 1244; baseline 0.004 -27"><span class='ocrx_word' id='word_1_36' title='bbox 241 1169 430 1240; x_wconf 82' lang='lat' dir='ltr'><strong>rersasque</strong></span> <span class='ocrx_word' id='word_1_37' title='bbox 451 1145 612 1237; x_wconf 74' lang='lat' dir='ltr'><strong>regiones</strong></span> <span class='ocrx_word' id='word_1_38' title='bbox 644 1168 763 1213; x_wconf 88' lang='lat' dir='ltr'><strong>ansam</strong></span> <span class='ocrx_word' id='word_1_39' title='bbox 790 1145 1050 1238; x_wconf 90' lang='lat' dir='ltr'><strong>praebuerunt,</strong></span> <span class='ocrx_word' id='word_1_40' title='bbox 1077 1149 1171 1218; x_wconf 88' lang='lat' dir='ltr'><strong>unde</strong></span> <span class='ocrx_word' id='word_1_41' title='bbox 1199 1175 1265 1244; x_wconf 91' lang='lat' dir='ltr'><strong>per</strong></span> 
     </span>
     <span class='ocr_line' id='line_1_8' title="bbox 241 1267 1267 1370; baseline 0.006 -29"><span class='ocrx_word' id='word_1_42' title='bbox 241 1296 283 1342; x_wconf 89' lang='lat' dir='ltr'><strong>ea</strong></span> <span class='ocrx_word' id='word_1_43' title='bbox 304 1273 383 1340; x_wconf 89' lang='lat' dir='ltr'><strong>loca</strong></span> <span class='ocrx_word' id='word_1_44' title='bbox 401 1269 561 1338; x_wconf 90' lang='lat' dir='ltr'><strong>immanis</strong></span> <span class='ocrx_word' id='word_1_45' title='bbox 579 1278 656 1338; x_wconf 87' lang='lat' dir='ltr'><strong>orta</strong></span> <span class='ocrx_word' id='word_1_46' title='bbox 682 1267 754 1338; x_wconf 88' lang='lat' dir='ltr'><strong>luit</strong></span> <span class='ocrx_word' id='word_1_47' title='bbox 775 1268 951 1363; x_wconf 87' lang='lat' dir='ltr'><strong>epidemia</strong></span> <span class='ocrx_word' id='word_1_48' title='bbox 979 1269 1151 1355; x_wconf 80' lang='lat' dir='ltr'><strong>febrium,</strong></span> <span class='ocrx_word' id='word_1_49' title='bbox 1179 1300 1267 1370; x_wconf 90' lang='lat' dir='ltr'><strong>quas</strong></span> 
     </span>
     <span class='ocr_line' id='line_1_9' title="bbox 239 1392 1266 1490; baseline 0.005 -24"><span class='ocrx_word' id='word_1_50' title='bbox 239 1396 371 1466; x_wconf 88' lang='lat' dir='ltr'><strong>medici</strong></span> <span class='ocrx_word' id='word_1_51' title='bbox 405 1392 637 1463; x_wconf 84' lang='lat' dir='ltr'><strong>communiter</strong></span> <span class='ocrx_word' id='word_1_52' title='bbox 668 1405 798 1464; x_wconf 85' lang='lat' dir='ltr'><strong>vocant</strong></span> <span class='ocrx_word' id='word_1_53' title='bbox 823 1396 1016 1490; x_wconf 85' lang='lat' dir='ltr'><strong>malignas,</strong></span> <span class='ocrx_word' id='word_1_54' title='bbox 1051 1401 1266 1490; x_wconf 85' lang='lat' dir='ltr'><strong>perniciosas</strong></span> 
     </span>
     <span class='ocr_line' id='line_1_10' title="bbox 240 1517 1267 1614; baseline 0.003 -24"><span class='ocrx_word' id='word_1_55' title='bbox 240 1543 281 1590; x_wconf 86' lang='lat' dir='ltr'><strong>ac</strong></span> <span class='ocrx_word' id='word_1_56' title='bbox 299 1517 525 1612; x_wconf 88' lang='lat' dir='ltr'><strong>pestilentes;</strong></span> <span class='ocrx_word' id='word_1_57' title='bbox 549 1540 630 1586; x_wconf 90' lang='lat' dir='ltr'><strong>nam</strong></span> <span class='ocrx_word' id='word_1_58' title='bbox 656 1518 867 1610; x_wconf 81' lang='lat' dir='ltr'><strong>contagione</strong></span> <span class='ocrx_word' id='word_1_59' title='bbox 891 1543 1035 1614; x_wconf 93' lang='lat' dir='ltr'><strong>quoque</strong></span> <span class='ocrx_word' id='word_1_60' title='bbox 1052 1544 1193 1614; x_wconf 83' lang='lat' dir='ltr'><strong>serpere</strong></span> <span class='ocrx_word' id='word_1_61' title='bbox 1216 1525 1267 1593; x_wconf 84' lang='lat' dir='ltr'><strong>ri·</strong></span> 
     </span>
     <span class='ocr_line' id='line_1_11' title="bbox 239 1643 1264 1742; baseline 0.005 -29"><span class='ocrx_word' id='word_1_62' title='bbox 239 1643 1264 1742; x_wconf 47' lang='lat' dir='ltr'><strong>smmstmwmmmmmmffiwme</strong></span> 
     </span>
     <span class='ocr_line' id='line_1_12' title="bbox 238 1764 1276 1862; baseline 0.004 -24"><span class='ocrx_word' id='word_1_63' title='bbox 238 1767 403 1846; x_wconf 81' lang='lat' dir='ltr'><strong>Octobris</strong></span> <span class='ocrx_word' id='word_1_64' title='bbox 424 1776 570 1857; x_wconf 80' lang='lat' dir='ltr'><strong>vagatae</strong></span> <span class='ocrx_word' id='word_1_65' title='bbox 591 1776 683 1835; x_wconf 83' lang='lat' dir='ltr'><strong>sunt</strong></span> <span class='ocrx_word' id='word_1_66' title='bbox 732 1764 854 1860; x_wconf 87' lang='lat' dir='ltr'><strong>Atque</strong></span> <span class='ocrx_word' id='word_1_67' title='bbox 874 1767 965 1836; x_wconf 85' lang='lat' dir='ltr'><strong>aliae</strong></span> <span class='ocrx_word' id='word_1_68' title='bbox 987 1768 1132 1858; x_wconf 88' lang='lat' dir='ltr'><strong>quidem</strong></span> <span class='ocrx_word' id='word_1_69' title='bbox 1155 1773 1276 1862; x_wconf 47' lang='lat' dir='ltr'><strong>interf</strong></span> 
     </span>
     <span class='ocr_line' id='line_1_13' title="bbox 237 1887 1264 1982; baseline -0.001 -18"><span class='ocrx_word' id='word_1_70' title='bbox 237 1893 422 1964; x_wconf 85' lang='lat' dir='ltr'><strong>mittentes</strong></span> <span class='ocrx_word' id='word_1_71' title='bbox 442 1891 611 1982; x_wconf 89' lang='lat' dir='ltr'><strong>primum,</strong></span> <span class='ocrx_word' id='word_1_72' title='bbox 644 1887 706 1958; x_wconf 90' lang='lat' dir='ltr'><strong>sed</strong></span> <span class='ocrx_word' id='word_1_73' title='bbox 729 1890 871 1958; x_wconf 93' lang='lat' dir='ltr'><strong>omnino</strong></span> <span class='ocrx_word' id='word_1_74' title='bbox 894 1891 1113 1982; x_wconf 83' lang='lat' dir='ltr'><strong>perniciosae</strong></span> <span class='ocrx_word' id='word_1_75' title='bbox 1143 1897 1264 1964; x_wconf 87' lang='lat' dir='ltr'><strong>tertia-</strong></span> 
     </span>
     <span class='ocr_line' id='line_1_14' title="bbox 238 2013 1262 2106; baseline 0.001 -20"><span class='ocrx_word' id='word_1_76' title='bbox 238 2041 306 2086; x_wconf 88' lang='lat' dir='ltr'><strong>nae</strong></span> <span class='ocrx_word' id='word_1_77' title='bbox 327 2037 460 2106; x_wconf 89' lang='lat' dir='ltr'><strong>eaeque</strong></span> <span class='ocrx_word' id='word_1_78' title='bbox 478 2013 783 2104; x_wconf 78' lang='lat' dir='ltr'><strong>frequentissimae</strong></span> <span class='ocrx_word' id='word_1_79' title='bbox 805 2015 1000 2083; x_wconf 86' lang='lat' dir='ltr'><strong>extiterunt</strong></span> <span class='ocrx_word' id='word_1_80' title='bbox 1016 2039 1024 2100; x_wconf 91' lang='lat'>;</span> <span class='ocrx_word' id='word_1_81' title='bbox 1047 2015 1138 2086; x_wconf 86' lang='lat' dir='ltr'><strong>aliae</strong></span> <span class='ocrx_word' id='word_1_82' title='bbox 1157 2041 1262 2101; x_wconf 88' lang='lat' dir='ltr'><strong>vero,</strong></span> 
     </span>
     <span class='ocr_line' id='line_1_15' title="bbox 236 2125 1259 2229; baseline 0.006 -21"><span class='ocrx_word' id='word_1_83' title='bbox 236 2139 298 2208; x_wconf 91' lang='lat' dir='ltr'><strong>sed</strong></span> <span class='ocrx_word' id='word_1_84' title='bbox 318 2125 632 2229; x_wconf 76' lang='lat' dir='ltr'><strong>infrequentiores,</strong></span> <span class='ocrx_word' id='word_1_85' title='bbox 658 2135 777 2205; x_wconf 88' lang='lat' dir='ltr'><strong>statim</strong></span> <span class='ocrx_word' id='word_1_86' title='bbox 805 2135 1019 2206; x_wconf 80' lang='lat' dir='ltr'><strong>videbantur</strong></span> <span class='ocrx_word' id='word_1_87' title='bbox 1051 2141 1259 2226; x_wconf 89' lang='lat' dir='ltr'><strong>continnae,</strong></span> 
     </span>
     <span class='ocr_line' id='line_1_16' title="bbox 234 2260 1261 2356; baseline 0.004 -25"><span class='ocrx_word' id='word_1_88' title='bbox 234 2262 459 2356; x_wconf 87' lang='lat' dir='ltr'><strong>pestilentem</strong></span> <span class='ocrx_word' id='word_1_89' title='bbox 476 2261 608 2351; x_wconf 91' lang='lat' dir='ltr'><strong>pariter</strong></span> <span class='ocrx_word' id='word_1_90' title='bbox 624 2271 786 2330; x_wconf 89' lang='lat' dir='ltr'><strong>naturam</strong></span> <span class='ocrx_word' id='word_1_91' title='bbox 803 2281 887 2351; x_wconf 88' lang='lat' dir='ltr'><strong>prae</strong></span> <span class='ocrx_word' id='word_1_92' title='bbox 905 2283 942 2329; x_wconf 88' lang='lat' dir='ltr'><strong>se</strong></span> <span class='ocrx_word' id='word_1_93' title='bbox 961 2260 1124 2332; x_wconf 79' lang='lat' dir='ltr'><strong>serentes.</strong></span> <span class='ocrx_word' id='word_1_94' title='bbox 1159 2265 1261 2336; x_wconf 88' lang='lat' dir='ltr'><strong>Prio-</strong></span> 
     </span>
     <span class='ocr_line' id='line_1_17' title="bbox 235 2383 1261 2483; baseline 0.001 -28"><span class='ocrx_word' id='word_1_95' title='bbox 235 2411 291 2455; x_wconf 87' lang='lat' dir='ltr'><strong>res</strong></span> <span class='ocrx_word' id='word_1_96' title='bbox 315 2383 491 2478; x_wconf 91' lang='lat' dir='ltr'><strong>principio</strong></span> <span class='ocrx_word' id='word_1_97' title='bbox 521 2384 692 2452; x_wconf 88' lang='lat' dir='ltr'><strong>tertianae</strong></span> <span class='ocrx_word' id='word_1_98' title='bbox 721 2383 889 2477; x_wconf 89' lang='lat' dir='ltr'><strong>simplicis</strong></span> <span class='ocrx_word' id='word_1_99' title='bbox 917 2408 995 2455; x_wconf 87' lang='lat' dir='ltr'><strong>raro</strong></span> <span class='ocrx_word' id='word_1_100' title='bbox 1022 2386 1174 2480; x_wconf 86' lang='lat' dir='ltr'><strong>duplicis</strong></span> <span class='ocrx_word' id='word_1_101' title='bbox 1207 2400 1261 2483; x_wconf 80' lang='lat' dir='ltr'><strong>ty·</strong></span> 
     </span>
     <span class='ocr_line' id='line_1_18' title="bbox 233 2483 1260 2604; baseline 0.004 -26"><span class='ocrx_word' id='word_1_102' title='bbox 233 2531 318 2604; x_wconf 91' lang='lat' dir='ltr'><strong>pum</strong></span> <span class='ocrx_word' id='word_1_103' title='bbox 339 2517 536 2586; x_wconf 87' lang='lat' dir='ltr'><strong>servantes,</strong></span> <span class='ocrx_word' id='word_1_104' title='bbox 562 2507 687 2598; x_wconf 86' lang='lat' dir='ltr'><strong>quinta</strong></span> <span class='ocrx_word' id='word_1_105' title='bbox 706 2506 915 2602; x_wconf 89' lang='lat' dir='ltr'><strong>plerumque</strong></span> <span class='ocrx_word' id='word_1_106' title='bbox 937 2508 996 2576; x_wconf 90' lang='lat' dir='ltr'><strong>die</strong></span> <span class='ocrx_word' id='word_1_107' title='bbox 1017 2509 1055 2578; x_wconf 94' lang='lat' dir='ltr'><strong>in</strong></span> <span class='ocrx_word' id='word_1_108' title='bbox 1077 2483 1260 2582; x_wconf 86' lang='lat' dir='ltr'><strong>continuas</strong></span> 
     </span>
     <span class='ocr_line' id='line_1_19' title="bbox 233 2621 1259 2722; baseline 0.002 -19"><span class='ocrx_word' id='word_1_109' title='bbox 233 2653 375 2710; x_wconf 83' lang='lat' dir='ltr'><strong>versae,</strong></span> <span class='ocrx_word' id='word_1_110' title='bbox 402 2652 522 2721; x_wconf 86' lang='lat' dir='ltr'><strong>aegros</strong></span> <span class='ocrx_word' id='word_1_111' title='bbox 542 2653 612 2698; x_wconf 91' lang='lat' dir='ltr'><strong>non</strong></span> <span class='ocrx_word' id='word_1_112' title='bbox 633 2654 712 2699; x_wconf 88' lang='lat' dir='ltr'><strong>raro</strong></span> <span class='ocrx_word' id='word_1_113' title='bbox 731 2631 916 2722; x_wconf 84' lang='lat' dir='ltr'><strong>septimam</strong></span> <span class='ocrx_word' id='word_1_114' title='bbox 937 2630 1033 2701; x_wconf 91' lang='lat' dir='ltr'><strong>inter</strong></span> <span class='ocrx_word' id='word_1_115' title='bbox 1056 2645 1093 2703; x_wconf 91' lang='lat' dir='ltr'><strong>et</strong></span> <span class='ocrx_word' id='word_1_116' title='bbox 1108 2621 1259 2704; x_wconf 78' lang='lat' dir='ltr'><strong>undeci-</strong></span> 
     </span>
     <span class='ocr_line' id='line_1_20' title="bbox 232 2750 1259 2855; baseline 0.003 -28"><span class='ocrx_word' id='word_1_117' title='bbox 232 2779 323 2827; x_wconf 90' lang='lat' dir='ltr'><strong>mam</strong></span> <span class='ocrx_word' id='word_1_118' title='bbox 345 2750 573 2848; x_wconf 86' lang='lat' dir='ltr'><strong>jugulabant,</strong></span> <span class='ocrx_word' id='word_1_119' title='bbox 598 2755 719 2844; x_wconf 91' lang='lat' dir='ltr'><strong>pauois</strong></span> <span class='ocrx_word' id='word_1_120' title='bbox 747 2752 869 2824; x_wconf 85' lang='lat' dir='ltr'><strong>hercle</strong></span> <span class='ocrx_word' id='word_1_121' title='bbox 897 2753 941 2826; x_wconf 84' lang='lat' dir='ltr'><strong>ad</strong></span> <span class='ocrx_word' id='word_1_122' title='bbox 965 2755 1139 2828; x_wconf 87' lang='lat' dir='ltr'><strong>decimam</strong></span> <span class='ocrx_word' id='word_1_123' title='bbox 1157 2782 1259 2855; x_wconf 90' lang='lat' dir='ltr'><strong>quar·</strong></span> 
     </span>
     <span class='ocr_line' id='line_1_21' title="bbox 233 2876 619 2970; baseline -0.013 -20"><span class='ocrx_word' id='word_1_124' title='bbox 233 2894 304 2950; x_wconf 89' lang='lat' dir='ltr'><strong>tam</strong></span> <span class='ocrx_word' id='word_1_125' title='bbox 327 2876 619 2970; x_wconf 86' lang='lat' dir='ltr'><strong>pertingentibus.</strong></span> 
     </span>
     <span class='ocr_line' id='line_1_22' title="bbox 256 2971 1258 3097; baseline 0.01 -27"><span class='ocrx_word' id='word_1_126' title='bbox 256 2971 357 3076; x_wconf 35' lang='lat' dir='ltr'><strong>&#39;Hoc</strong></span> <span class='ocrx_word' id='word_1_127' title='bbox 378 3010 496 3070; x_wconf 85' lang='lat' dir='ltr'><strong>autem</strong></span> <span class='ocrx_word' id='word_1_128' title='bbox 520 3000 624 3070; x_wconf 92' lang='lat' dir='ltr'><strong>modo</strong></span> <span class='ocrx_word' id='word_1_129' title='bbox 643 2976 859 3092; x_wconf 28' lang='lat' dir='ltr'><strong>‘pestilentes</strong></span> <span class='ocrx_word' id='word_1_130' title='bbox 882 3005 1058 3097; x_wconf 89' lang='lat' dir='ltr'><strong>ejusmodi</strong></span> <span class='ocrx_word' id='word_1_131' title='bbox 1086 3007 1258 3080; x_wconf 86' lang='lat' dir='ltr'><strong>tertianae</strong></span> 
     </span>
     <span class='ocr_line' id='line_1_23' title="bbox 233 3124 1258 3224; baseline 0.004 -25"><span class='ocrx_word' id='word_1_132' title='bbox 233 3131 410 3220; x_wconf 84' lang='lat' dir='ltr'><strong>corripere</strong></span> <span class='ocrx_word' id='word_1_133' title='bbox 431 3135 538 3216; x_wconf 89' lang='lat' dir='ltr'><strong>atque</strong></span> <span class='ocrx_word' id='word_1_134' title='bbox 559 3124 755 3196; x_wconf 89' lang='lat' dir='ltr'><strong>increscere</strong></span> <span class='ocrx_word' id='word_1_135' title='bbox 778 3126 948 3197; x_wconf 85' lang='lat' dir='ltr'><strong>solebant.</strong></span> <span class='ocrx_word' id='word_1_136' title='bbox 973 3130 1258 3224; x_wconf 79' lang='lat' dir='ltr'><strong>Primolaeiesa</strong></span> 
     </span>
     <span class='ocr_line' id='line_1_24' title="bbox 164 3246 1258 3329; baseline 0.005 -6"><span class='ocrx_word' id='word_1_137' title='bbox 164 3246 1258 3329; x_wconf 48' lang='lat' dir='ltr'><strong>&#39;mmfflffifflmmfflmnffimm</strong></span> 
     </span>
     <span class='ocr_line' id='line_1_25' title="bbox 169 3373 1257 3472; baseline 0.006 -28"><span class='ocrx_word' id='word_1_138' title='bbox 169 3461 173 3469; x_wconf 89' lang='lat'><em>.</em></span> <span class='ocrx_word' id='word_1_139' title='bbox 226 3375 474 3467; x_wconf 85' lang='lat' dir='ltr'><strong>inappetentia</strong></span> <span class='ocrx_word' id='word_1_140' title='bbox 495 3393 574 3442; x_wconf 89' lang='lat' dir='ltr'><strong>eum</strong></span> <span class='ocrx_word' id='word_1_141' title='bbox 593 3373 773 3464; x_wconf 83' lang='lat' dir='ltr'><strong>gravativo</strong></span> <span class='ocrx_word' id='word_1_142' title='bbox 800 3374 925 3464; x_wconf 89' lang='lat' dir='ltr'><strong>eapitis</strong></span> <span class='ocrx_word' id='word_1_143' title='bbox 952 3374 1074 3446; x_wconf 89' lang='lat' dir='ltr'><strong>dolore</strong></span> <span class='ocrx_word' id='word_1_144' title='bbox 1092 3379 1186 3472; x_wconf 85' lang='lat' dir='ltr'><strong>rigor</strong></span> <span class='ocrx_word' id='word_1_145' title='bbox 1204 3380 1257 3450; x_wconf 90' lang='lat' dir='ltr'><strong>in·</strong></span> 
     </span>
     <span class='ocr_line' id='line_1_26' title="bbox 235 3497 1258 3592; baseline 0.004 -24"><span class='ocrx_word' id='word_1_146' title='bbox 235 3521 318 3592; x_wconf 86' lang='lat' dir='ltr'><strong>gens</strong></span> <span class='ocrx_word' id='word_1_147' title='bbox 341 3506 488 3588; x_wconf 90' lang='lat' dir='ltr'><strong>repente</strong></span> <span class='ocrx_word' id='word_1_148' title='bbox 518 3497 749 3588; x_wconf 83' lang='lat' dir='ltr'><strong>corripiebat,</strong></span> <span class='ocrx_word' id='word_1_149' title='bbox 782 3522 861 3566; x_wconf 89' lang='lat' dir='ltr'><strong>eum</strong></span> <span class='ocrx_word' id='word_1_150' title='bbox 884 3498 1019 3569; x_wconf 84' lang='lat' dir='ltr'><strong>vomitu</strong></span> <span class='ocrx_word' id='word_1_151' title='bbox 1046 3524 1118 3571; x_wconf 91' lang='lat' dir='ltr'><strong>non</strong></span> <span class='ocrx_word' id='word_1_152' title='bbox 1146 3504 1258 3573; x_wconf 91' lang='lat' dir='ltr'><strong>solum</strong></span> 
     </span>
     <span class='ocr_line' id='line_1_27' title="bbox 233 3618 1256 3722; baseline 0.009 -33"><span class='ocrx_word' id='word_1_153' title='bbox 233 3624 386 3717; x_wconf 87' lang='lat' dir='ltr'><strong>pituitae</strong></span> <span class='ocrx_word' id='word_1_154' title='bbox 419 3642 460 3687; x_wconf 87' lang='lat' dir='ltr'><strong>ac</strong></span> <span class='ocrx_word' id='word_1_155' title='bbox 488 3618 593 3698; x_wconf 89' lang='lat' dir='ltr'><strong>bilis,</strong></span> <span class='ocrx_word' id='word_1_156' title='bbox 627 3619 688 3687; x_wconf 88' lang='lat' dir='ltr'><strong>sed</strong></span> <span class='ocrx_word' id='word_1_157' title='bbox 720 3621 828 3689; x_wconf 91' lang='lat' dir='ltr'><strong>etiarn</strong></span> <span class='ocrx_word' id='word_1_158' title='bbox 859 3621 1049 3710; x_wconf 81' lang='lat' dir='ltr'><strong>vermium3</strong></span> <span class='ocrx_word' id='word_1_159' title='bbox 1082 3624 1256 3722; x_wconf 91' lang='lat' dir='ltr'><strong>denique,</strong></span> 
     </span>
     <span class='ocr_line' id='line_1_28' title="bbox 234 3741 1259 3840; baseline 0.005 -24"><span class='ocrx_word' id='word_1_160' title='bbox 234 3747 329 3816; x_wconf 84' lang='lat' dir='ltr'><strong>calor</strong></span> <span class='ocrx_word' id='word_1_161' title='bbox 346 3755 383 3814; x_wconf 90' lang='lat' dir='ltr'><strong>et</strong></span> <span class='ocrx_word' id='word_1_162' title='bbox 398 3743 473 3814; x_wconf 87' lang='lat' dir='ltr'><strong>sitis</strong></span> <span class='ocrx_word' id='word_1_163' title='bbox 493 3767 512 3810; x_wconf 89' lang='lat' dir='ltr'><strong>e</strong></span> <span class='ocrx_word' id='word_1_164' title='bbox 533 3741 679 3834; x_wconf 87' lang='lat' dir='ltr'><strong>vestigio</strong></span> <span class='ocrx_word' id='word_1_165' title='bbox 693 3743 851 3836; x_wconf 85' lang='lat' dir='ltr'><strong>urgebat.</strong></span> <span class='ocrx_word' id='word_1_166' title='bbox 873 3762 876 3767; x_wconf 84' lang='grc'><em>·</em></span> <span class='ocrx_word' id='word_1_167' title='bbox 901 3747 1014 3840; x_wconf 87' lang='lat' dir='ltr'><strong>Saepe</strong></span> <span class='ocrx_word' id='word_1_168' title='bbox 1038 3747 1147 3819; x_wconf 87' lang='lat' dir='ltr'><strong>lebris</strong></span> <span class='ocrx_word' id='word_1_169' title='bbox 1171 3750 1259 3822; x_wconf 88' lang='lat' dir='ltr'><strong>duo-</strong></span> 
     </span>
     <span class='ocr_line' id='line_1_29' title="bbox 232 3867 1255 3960; baseline 0.005 -22"><span class='ocrx_word' id='word_1_170' title='bbox 232 3871 299 3942; x_wconf 91' lang='lat' dir='ltr'><strong>bus</strong></span> <span class='ocrx_word' id='word_1_171' title='bbox 320 3869 440 3960; x_wconf 88' lang='lat' dir='ltr'><strong>primis</strong></span> <span class='ocrx_word' id='word_1_172' title='bbox 460 3869 668 3960; x_wconf 83' lang='lat' dir='ltr'><strong>paroxysmis</strong></span> <span class='ocrx_word' id='word_1_173' title='bbox 689 3867 803 3936; x_wconf 85' lang='lat' dir='ltr'><strong>effuso</strong></span> <span class='ocrx_word' id='word_1_174' title='bbox 821 3867 947 3940; x_wconf 90' lang='lat' dir='ltr'><strong>sudore</strong></span> <span class='ocrx_word' id='word_1_175' title='bbox 965 3872 1016 3941; x_wconf 87' lang='lat' dir='ltr'><strong>ita</strong></span> <span class='ocrx_word' id='word_1_176' title='bbox 1033 3872 1255 3954; x_wconf 88' lang='lat' dir='ltr'><strong>remittebat,</strong></span> 
     </span>
    </p>
   </div>
   <div class='ocr_carea' id='block_1_3' title="bbox 158 3991 1257 4102">
    <p class='ocr_par' dir='ltr' id='par_1_3' title="bbox 158 3991 1257 4102">
     <span class='ocr_line' id='line_1_30' title="bbox 158 3991 1257 4102; baseline -0.002 -33"><span class='ocrx_word' id='word_1_177' title='bbox 158 4073 164 4102; x_wconf 25' lang='lat' dir='ltr'>x</span> <span class='ocrx_word' id='word_1_178' title='bbox 233 4010 276 4068; x_wconf 92' lang='lat' dir='ltr'><strong>ut</strong></span> <span class='ocrx_word' id='word_1_179' title='bbox 297 3991 426 4063; x_wconf 90' lang='lat' dir='ltr'><strong>infirmi</strong></span> <span class='ocrx_word' id='word_1_180' title='bbox 450 3992 495 4059; x_wconf 89' lang='lat' dir='ltr'><strong>ab</strong></span> <span class='ocrx_word' id='word_1_181' title='bbox 523 3993 618 4060; x_wconf 89' lang='lat' dir='ltr'><strong>omui</strong></span> <span class='ocrx_word' id='word_1_182' title='bbox 637 4015 673 4060; x_wconf 87' lang='lat' dir='ltr'><strong>se</strong></span> <span class='ocrx_word' id='word_1_183' title='bbox 696 3995 839 4084; x_wconf 88' lang='lat' dir='ltr'><strong>penitus</strong></span> <span class='ocrx_word' id='word_1_184' title='bbox 873 3995 963 4064; x_wconf 87' lang='lat' dir='ltr'><strong>malo</strong></span> <span class='ocrx_word' id='word_1_185' title='bbox 991 3995 1166 4068; x_wconf 89' lang='lat' dir='ltr'><strong>immunes</strong></span> <span class='ocrx_word' id='word_1_186' title='bbox 1190 4021 1257 4094; x_wconf 91' lang='lat' dir='ltr'><strong>pu·</strong></span> 
     </span>
    </p>
   </div>
   <div class='ocr_carea' id='block_1_4' title="bbox 0 0 1422 4874">
    <p class='ocr_par' dir='ltr' id='par_1_4' title="bbox 0 0 1422 4874">
     <span class='ocr_line' id='line_1_31' title="bbox 0 0 1422 4874; baseline 0 5"><span class='ocrx_word' id='word_1_187' title='bbox 0 0 1422 4874; x_wconf 95' lang='lat' dir='ltr'><strong> </strong></span> 
     </span>
    </p>
   </div>
  </div>
 </body>
</html>
