2872 4870
287 369 358 463 ἰιι
663 395 969 458 cucanea.

291 581 418 680 ¹’guinis
436 572 667 657 veneficium,
694 567 845 648 alterurn
871 569 1061 678 nervorum
1084 549 1319 654 irritationem.
1409 657 1411 666 A

287 691 413 780 itanc·
423 715 542 774 eutem
558 697 671 794 primo
692 693 916 795 prehendere
932 723 1060 772 nervos
1074 705 1253 796 plasticos.
1279 699 1321 778 ah'

286 831 398 902 ¹hisce
420 849 502 898 vero
523 847 588 921 per
618 824 809 896 medullam
831 825 1002 920 spinulam
1029 827 1074 896 ad
1099 829 1225 900 ne'rros
1246 834 1319 900 ani-

297 933 408 1024 males
427 949 587 1022 traduci:
612 949 699 1020 dum
723 951 866 1021 tandem
884 949 923 1020 in
945 951 1072 1022 ultimo
1092 953 1208 1023 stadio
1228 953 1322 1048 typhi

298 1078 436 1171 specics
467 1077 637 1170 emergit3
669 1099 765 1170 quae
791 1095 872 1143 cum
898 1071 1009 1170 typho
1033 1073 1194 1169 analogia
1216 1079 1321 1148 etiam

295 1199 548 1274 exanthemata
570 1199 761 1296 peyeriano
782 1197 983 1270 confirmari
1003 1199 1163 1272 ridetur.
1318 1183 1321 1194 ¹

302 1323 410 1424 J'E'st
436 1333 535 1398 certe
567 1325 679 1418 major
700 1326 738 1394 in
767 1323 897 1394 morbis
927 1323 996 1393 iilis
1019 1326 1247 1418 procreandis
1266 1347 1321 1397 na·

282 1439 400 1519 :turae
422 1439 630 1544 simplicitas
658 1448 860 1541 arctiorque
884 1449 1069 1548 cognatio,
1093 1471 1202 1542 quam
1223 1445 1325 1544 vulgo'

297 1561 458 1668 putatur.
485 1573 571 1646 Nam
592 1572 736 1669 plurimi
754 1571 1106 1666 primo'miasmatici‚
1131 1571 1216 1642 inde
1236 1567 1324 1644 fiunt
1385 1595 1389 1606 ·
1410 1651 1411 1658 ¹

287 1697 514 1792 contagiosi:
542 1721 584 1770 ac
609 1698 715 1790 vulgo
732 1697 845 1790 primo
860 1695 1025 1790 sanguis,
1048 1695 1135 1766 inde
1158 1721 1224 1791 per
1251 1691 1325 1769 san-²

298 1827 440 1920 guinem
465 1823 568 1896 nervi
593 1831 788 1915 aegrotent.
836 1820 985 1913 Saepius
1008 1819 1104 1889 enim
1137 1811 1325 1894 nerroruni

299 1937 560 2042 'aegrotantium
585 1955 818 2040 symptomata
837 1944 1017 2037 sanguinis
1044 1945 1176 2016 mutati
1196 1937 1324 2069 indicia

298 2073 481 2202 irujusque
502 2057 687 2164 depravati
711 2067 878 2161 querelae
898 2079 993 2139 sunt.

302 2195 565 2287 Plerumque
583 2218 687 2287 porro
698 2193 804 2262 hae
793 2203 890 2286 ipsae
917 2215 1108 2265 nervorum
1136 2183 1324 2290 aegritudiss

296 2335 362 2389 ner
379 2343 422 2388 cx
440 2316 582 2388 officina
598 2317 745 2412 plastica
765 2318 956 2411 nervisque
974 2309 1146 2412 organicis
1157 2321 1322 2414 originem

297 2454 468 2536 repetunt
486 2451 524 2510 ct
546 2464 610 2535 per
631 2439 874 2511 reflectiouem
896 2458 1024 2512 nervos
1048 2433 1325 2537 cerebrosum-¹
1409 2435 1410 2460 ¹

298 2567 351 2635 les
370 2565 571 2658 adtingunt.
607 2565 684 2636 Hac
705 2565 815 2658 igitur
833 2565 893 2638 ria
915 2569 1056 2660 sanguis
1076 2570 1191 2663 primo
1212 2591 1324 2660 aegro·

299 2701 373 2769 tat,
397 2691 566 2781 deinceps
582 2713 713 2759 nervus
730 2687 988 2782 sympathiam.
1016 2675 1161 2760 tandem
1176 2691 1323 2762 meduiia

286 2811 467 2907 spinalis,
502 2813 687 2883 cerebrum
711 2811 920 2909 horumque
947 2816 1048 2885 uerri
1086 2828 1124 2886 et
1158 2815 1324 2933 ιιιιιεοιιίὶ,

298 2939 418 3009 ircrris
437 2935 544 3009 adfixi
564 2936 610 3006 ab
630 2937 745 3030 iisque
763 2936 972 3028 pendentes.

362 3063 408 3132 In
437 3061 581 3138 cholera
615 3059 784 3140 asiatica,
817 3071 859 3132 ut
887 3060 933 3130 ad
965 3059 1057 3130 hanc
1083 3075 1319 3144 revertamur,

198 3193 202 3199 ’
299 3188 479 3259 ceruimus
513 3183 769 3284 epidemiarum
801 3173 1099 3256 miasmaticarum
1128 3187 1322 3259 ducemne

297 3299 496 3406 principem
519 3311 670 3379 maxime
690 3311 874 3404 rigentem
889 3333 931 3378 ac
959 3309 1063 3402 longe
1079 3307 1234 3406 ¹lateque
1264 3311 1321 3380 do·

298 3435 513 3513 minantem,
539 3435 714 3502 oernimus
731 3455 831 3513 eam,
854 3455 946 3525 quae
964 3455 1132 3503 neuroscs
1153 3435 1321 3506 intermit·
1408 3415 1409 3420 ἵ

297 3560 417 3630 tentes
442 3555 581 3678 praeire
607 3555 805 3651 harumque
833 3555 1047 3649 epidearriam
1074 3561 1319 3650 praenuntiare

272 3682 391 3751 'soter
420 3661 556 3750 suniru'o
584 3682 714 3773 gradu,
739 3681 821 3751 cdol
819 3705 921 3750 cram
948 3683 1125 3751 cernimus
1147 3683 1319 3774 contagio·
1408 3701 1409 3796 p

298 3816 373 3874 tam
391 3803 521 3875 iactam
540 3805 708 3898 idqueco
729 3817 905 3898 tempore,
929 3805 1133 3901 quoiebrcs
1151 3803 1318 3875 intermit-

290 3937 419 3998 tentes
442 3951 504 4020 per
528 3950 666 3998 omnem
686 3929 862 4022 Europam
883 3929 1096 4022 regnabant,
1122 3955 1248 4024 quo
1215 3927 1317 3998 icitur

301 4075 366 4147 per
382 4051 488 4134 hasce
508 4053 654 4146 reliquis
672 4053 804 4127 morbis
815 4051 1001 4130 i'ebrilibus
1013 4053 1216 4149 cpidemicis
1225 4060 1321 4146 prac'·
