2900 4874
262 352 366 414 lGllIS
385 351 520 424 socna,
542 351 626 412 slve
647 351 778 412 stttctl
799 351 960 416 retortu.
1083 355 1121 416 ts

94 535 213 625 gelida
246 532 418 604 ardebant
445 531 648 624 senatique,
675 531 767 602 facie
791 531 1041 616 exterminata,
1065 557 1120 604 ar·

97 661 206 730 tubus
222 658 410 735 truncatis,
432 653 647 726 horrendum
670 654 950 749 adspicientibus
973 655 1122 751 pracbe-

98 780 184 850 bant
204 781 454 874 spectaculum.
817 781 822 789 '

143 905 238 974 Ecce
266 904 357 996 ignis
377 901 467 972 sacri
494 900 685 994 epidemici
722 903 849 974 aetatis
876 903 1016 975 mediae
1045 927 1124 1000 spe·

98 1027 209 1106 ciem,
244 1025 291 1096 ab
314 1026 411 1119 ipsis'
430 1022 663 1118 scriptoribus
687 1026 889 1096 coaetaneis
924 1021 1122 1111 exaratam,

95 1152 202 1243 cujus
220 1159 446 1244 prototypum
466 1150 506 1217 in
524 1146 734 1242 erysipelate
761 1151 997 1228 Hrsrocsarrs
1020 1165 1126 1244 agno'.

95 1275 153 1344 vit
170 1271 436 1366 Qmszusua‘usl
476 1272 523 1342 Et
541 1295 624 1342 sane
641 1270 735 1352 sive,
759 1295 851 1366 quac
873 1272 981 1368 hujus
1002 1288 1125 1349 aucto·

94 1397 146 1466 ris
177 1395 384 1490 hypothesis
412 1407 467 1466 est
480 1445 490 1478 ,
520 1395 692 1468 eductum
718 1395 765 1465 sit
787 1395 899 1488 pestis
925 1397 1127 1474 illimis.

96 1523 195 1612 λοιμον
219 1529 401 1598 veterum,
426 1520 501 1600 sive
519 1518 731 1611 productum
753 1515 943 1601 Graeciae,
968 1521 1035 1592 sub
1052 1547 1126 1594 uno

95 1643 174 1714 hoc
203 1664 332 1736 genere
360 1641 578 1734 erysipelatis
599 1663 720 1712 omnes
737 1641 822 1710 istas
845 1643 981 1732 species
1000 1667 1042 1719 ac
1065 1661 1131 1715 rai

95 1769 248 1840 rietates
277 1763 576 1856 comprehendere
608 1774 771 1855 oportet,
808 1764 868 1831 cui
898 1764 1042 1841 suberat
1071 1768 1130 1840 vel

95 1885 413 1980 neurophlogosis‚
438 1885 498 1958 uel
517 1897 629 1958 status
645 1883 1048 1980 phlogistico·gastricus
1065 1902 1130 1962 aut

94 2033 294 2090 nervosus,
310 2019 316 2030 '
334 2030 427 2102 quae
454 2031 518 2100 pro
552 2008 721 2090 climatis,
754 2009 839 2090 soli,
867 2003 1133 2099 constitutionis

93 2135 312 2208 endemicn'e
324 2133 579 2224 discrepantia,
595 2131 840 2224 impetigines,
865 2146 1032 2215 sostenes,
1057 2157 1134 2204 car·
1244 2199 1248 2204 .

93 2257 300 2336 bsrnculo's,
331 2255 558 2348 ergotismum
587 2255 719 2326 aliasve
751 2255 950 2328 consimiles
977 2259 1135 2352 crysipcq

96 2385 225 2456 laneas
259 2379 477 2474 procrearit,
502 2389 587 2448 utut
616 2377 763 2448 nomiue'
789 2375 833 2448 ac
857 2378 969 2450 lorma
994 2359 1150 2464 varias,

97 2485 236 2599 genere
260 2513 379 2580 tamen
394 2513 593 2594 naturaque
614 2499 751 2570 adfines
777 2513 886 2596 atque
912 2516 1089 2596 cognatas.

106 2698 110 2706 ,
150 2626 258 2716 Ωιιαο
287 2647 367 2698 cum
388 2627 454 2696 ita·
482 2625 570 2704 sint,
596 2624 767 2704 afficitur,
804 2625 1044 2695 characterem
1068 2650 1136 2697 no-

104 2751 303 2843 sologicum
329 2747 418 2830 hoc,
443 2748 490 2819 da
519 2771 591 2842 quo
622 2750 761 2840 agitur,
794 2758 952 2838 tempore
980 2749 1135 2824 cundem

103 2876 237 2954 fuisse,
254 2873 317 2966 qui
332 2871 449 2942 luerat
467 2870 565 2966 prius
586 2870 625 2940 in
642 2868 813 2952 Graecia,
837 2872 1135 2964 erysipelaceum:

104 2997 297 3070 accessisse
321 3008 441 3066 tamen
472 2993 652 3066 catarrhos
685 2994 921 3090 spidemioos,
951 2995 989 3064 id
1017 3008 1072 3067 cst
1097 2996 1138 3068 in

105 3119 342 3194 catarrhalem
368 3117 578 3198 inclinasse,
608 3139 701 3212 quae
727 3120 822 3186 cum
837 3118 994 3212 spirandi
1024 3119 1139 3190 offici-

105 3267 189 3320 nam
210 3253 392 3334 tangeret,
418 3240 488 3311 hoc
501 3240 586 3332 'ipso
612 3239 800 3308 arctiorem
818 3242 899 3310 cum
922 3240 1062 3332 organis
1082 3241 1139 3312 ris

103 3367 240 3442 talibus
270 3365 428 3457 ipsisque
467 3359 695 3456 pulmonibus
731 3363 977 3452 cognationem
1007 3363 1140 3457 signifi.

106 3493 239 3570 cahat,
277 3488 371 3562 lanto
389 3511 416 3564 *a
443 3487 515 3560 sita
544 3469 780 3578 organioa'ad
812 3486 922 3558 vitam
953 3487 1142 3572 animalem

104 3619 275 3692 transitu.

565 3859 662 3891 m
