2900 4874
277 333 328 404 DE
348 328 600 394 rnruonoers
621 329 800 398 VETERUM
820 328 1022 396 UNIVERSE.
1128 335 1168 397 tu

130 524 222 588 unte
246 512 365 584 omnis
388 510 505 604 cogito
530 512 763 605 gymnastiees
791 511 928 584 eultum
955 533 1038 584 oum
1060 512 1163 588 cultu

135 659 317 719 musarum
340 634 588 727 conjunctum,
605 636 758 729 quinon
777 621 915 708 tentum
931 635 1067 710 indicet
1085 659 1168 734 eog-

134 761 320 832 netionom
343 781 426 832 oum
448 757 641 831 diestetiee
660 769 698 830 et
721 757 887 852 hygieino
908 761 1164 848 Orientalium,

132 885 203 956 sed
225 883 335 976 hujus
357 881 465 956 etism
494 883 795 975 progressionem,
819 883 962 977 quelern
983 909 1027 960 ee
1046 898 1168 962 estete

131 1007 397 1100 exspectaveris
416 1005 527 1100 inque
545 1005 689 1076 homine
705 1004 842 1098 singulo
860 1006 1048 1082 observare
1068 1012 1167 1088 lieet.

133 1131 244 1216 Hane
264 1153 336 1224 quo
359 1129 476 1223 pretio
495 1128 688 1202 habuerint
707 1127 854 1212 Graeci,
879 1143 919 1204 et
941 1133 1019 1204 eliis
1039 1157 1167 1230 eogno-

131 1253 251 1328 esitus
280 1253 440 1346 plurimis
462 1252 637 1328 insutum
667 1265 706 1326 et
731 1253 930 1326 medicinae
959 1279 1004 1326 ex
1026 1259 1169 1352 templis

133 1376 180 1456 in
198 1377 378 1472 gymnasie
395 1377 605 1470 migratione
620 1377 788 1471 omnique
806 1377 984 1450 medisina
1007 1405 1168 1474 gymnes-

134 1499 235 1584 sies,
268 1500 315 1574 de
333 1501 407 1594 qui
429 1503 467 1574 in
496 1500 653 1572 Historia
674 1501 871 1572 Medicinae
889 1525 953 1576 suo
981 1503 1060 1576 loeo
1079 1507 1166 1578 diri.

188 1625 269 1702 Jem
286 1625 404 1716 leprae
422 1623 592 1696 sueoessit
602 1623 810 1718 erysipelas,
824 1625 900 1719 jem
911 1629 1002 1717 λοιμον
1022 1642 1168 1702 secutus

135 1760 197 1824 est
225 1771 369 1828 oeusue,
388 1746 466 1840 jem
494 1747 627 1818 mulsae
652 1747 860 1840 prodierunt
885 1750 1077 1848 variaeque
1101 1752 1167 1823 im.
1203 1747 1207 1756 ’

135 1871 338 1969 petiginum
377 1868 514 1961 speeies
549 1869 688 1961 ipsique
725 1869 839 1940 morbi
874 1871 1032 1944 Orientis
1070 1877 1167 1948 eolo-

137 2021 220 2072 rem
254 2016 419 2088 gressum
450 2003 644 2066 traxerunt.
699 1991 814 2064 Simul
842 2017 928 2066 vero
957 2022 999 2068 ex
1028 2001 1167 2072 cerebri

135 2134 252 2215 etque
277 2115 474 2214 systematis
486 2114 641 2214 '‘motorii
661 2114 868 2189 evolutione
888 2140 970 2190 eum
992 2123 1188 2214 phrasim

136 2246 224 2324 sies,
247 2241 398 2321 delirio,
428 2241 610 2320 vesaniae,
635 2229 712 2311 tum
738 2237 873 2321 febres,
897 2247 1163 2333 *convulsionem

138 2370 270 2463 spesmi
301 2364 487 2458 populures
515 2362 736 2458 maximeque
768 2363 930 2455 vulgares
959 2365 1044 2438 faeti
1072 2383 1167 2442 sunt.

141 2497 190 2569 lrr
208 2491 338 2564 morbis
363 2499 483 2558 eutem
510 2485 688 2556 valentem
714 2485 891 2556 cernimus
910 2487 1039 2560 virium
1066 2495 1163 2566 vitae

138 2617 299 2692 renisum
318 2635 360 2682 ee
385 2609 489 2684 focile
512 2607 740 2682 excitandum
759 2609 895 2680 cerebri
918 2612 1169 2712 medullasque

140 2739 288 2837 spinalis
311 2756 521 2806 eonsensum
552 2731 798 2826 virtutumque
819 2736 1020 2808 metrieium
1045 2765 1165 2834 syner-

139 2867 280 2970 geiem,
310 2881 401 2955 queo
428 2867 557 2928 ennete
581 2880 622 2927 eo
652 2856 812 2948 singula,
847 2860 987 2951 seriptis
1016 2867 1171 2936 medico·

141 3013 224 3064 mm
246 3005 452 3081 graecorum
470 2977 692 3060 confirmate,
710 3001 788 3048 eam
805 2979 977 3066 denotent
993 2997 1167 3070 aetatem,

144 3135 219 3208 qne
237 3121 278 3182 et
299 3106 485 3180 eerebrum
502 3102 728 3198 senserisque
746 3115 785 3173 et
810 3106 962 3178 messuri
984 3110 1100 3178 evolvi
1125 3133 1168 3180 eo

144 3233 258 3328 magis
283 3251 397 3324 usque
415 3227 571 3298 exerceri
594 3235 633 3296 et
653 3225 777 3321 perfici
795 3228 921 3298 solent.
967 3228 1031 3299 Est
1052 3234 1194 3332 pueri-¹

146 3361 200 3436 tia
227 3369 325 3430 entes
347 3351 556 3444 disciplinae
569 3398 582 3431 ,
612 3373 686 3444 que
714 3351 761 3420 nd·
787 3348 1046 3421 humanitatem
1069 3353 1171 3424 insti·

145 3484 263 3558 tuitus
282 3479 407 3558 bomo,
431 3474 528 3570 quod
549 3475 600 3546 ite
623 3472 758 3568 optime
785 3471 873 3554 fiet,
897 3473 928 3546 si
952 3474 1060 3546 horno
1086 3501 1171 3548 ner-

144 3630 254 3681 vosus
283 3613 322 3676 et
348 3600 454 3672 homo
484 3598 704 3670 museulosus
724 3597 858 3692 pariter
883 3611 1043 3668 crescent
1059 3601 1174 3672 vires·

142 3754 218 3828 que
246 3735 407 3819 aequent
433 3721 572 3816 sibique
599 3745 788 3816 supparos,
825 3721 1015 3816 aequales,
1039 3725 1171 3796 sensuli

142 3853 312 3930 existent.
359 3848 419 3920 Ad
434 3847 649 3943 praeclarum
665 3845 758 3916 hene
781 3847 906 3917 παιδεῖαν
922 3869 1029 3941 quem
1045 3850 1173 3920 eximio

146 3977 370 4056 Greeeorum
391 3973 465 4049 rite
497 3981 590 4044 esset
613 3969 831 4064 composite,
864 3970 946 4064 quie
972 3972 1109 4054 nescit,
1134 3985 1173 4044 et
