<?xml version="1.0" encoding="UTF-8"?>
<!DOCTYPE html PUBLIC "-//W3C//DTD XHTML 1.0 Transitional//EN"
    "http://www.w3.org/TR/xhtml1/DTD/xhtml1-transitional.dtd">
<html xmlns="http://www.w3.org/1999/xhtml" xml:lang="en" lang="en">
 <head>
  <title>
</title>
<meta http-equiv="Content-Type" content="text/html;charset=utf-8" />
  <meta name='ocr-system' content='tesseract 3.04.00' />
  <meta name='ocr-capabilities' content='ocr_page ocr_carea ocr_par ocr_line ocrx_word'/>
</head>
<body>
  <div class='ocr_page' id='page_1' title='image "./dehistoriamorbo00hoevgoog_0047.png"; bbox 0 0 2900 4874; ppageno 0'>
   <div class='ocr_carea' id='block_1_1' title="bbox 233 403 1044 484">
    <p class='ocr_par' dir='ltr' id='par_1_1' title="bbox 233 403 1044 484">
     <span class='ocr_line' id='line_1_1' title="bbox 233 403 1044 484; baseline 0.012 -23"><span class='ocrx_word' id='word_1_1' title='bbox 233 403 273 470; x_wconf 74' lang='lat' dir='ltr'>ss</span> <span class='ocrx_word' id='word_1_2' title='bbox 429 403 589 484; x_wconf 74' lang='lat' dir='ltr'>reuse</span> <span class='ocrx_word' id='word_1_3' title='bbox 627 403 882 468; x_wconf 75' lang='lat' dir='ltr'>remman</span> <span class='ocrx_word' id='word_1_4' title='bbox 920 407 1044 470; x_wconf 85' lang='lat' dir='ltr'>usus</span> 
     </span>
    </p>
   </div>
   <div class='ocr_carea' id='block_1_2' title="bbox 230 581 1270 3638">
    <p class='ocr_par' dir='ltr' id='par_1_2' title="bbox 230 581 1270 3638">
     <span class='ocr_line' id='line_1_2' title="bbox 233 581 1259 680; baseline 0.003 -22"><span class='ocrx_word' id='word_1_5' title='bbox 233 585 280 658; x_wconf 90' lang='lat' dir='ltr'>ad</span> <span class='ocrx_word' id='word_1_6' title='bbox 294 581 511 658; x_wconf 88' lang='lat' dir='ltr'>Glauconem</span> <span class='ocrx_word' id='word_1_7' title='bbox 528 585 777 678; x_wconf 84' lang='lat' dir='ltr'>philosophum</span> <span class='ocrx_word' id='word_1_8' title='bbox 794 588 997 680; x_wconf 81' lang='lat' dir='ltr'><strong>praecipere</strong></span> <span class='ocrx_word' id='word_1_9' title='bbox 1018 589 1175 658; x_wconf 79' lang='lat' dir='ltr'>ridetur:</span> <span class='ocrx_word' id='word_1_10' title='bbox 1202 584 1259 661; x_wconf 83' lang='lat' dir='ltr'>in-¹</span> 
     </span>
     <span class='ocr_line' id='line_1_3' title="bbox 230 707 1259 805; baseline 0.006 -26"><span class='ocrx_word' id='word_1_11' title='bbox 230 709 361 805; x_wconf 83' lang='lat' dir='ltr'>jiciens</span> <span class='ocrx_word' id='word_1_12' title='bbox 380 709 522 778; x_wconf 88' lang='lat' dir='ltr'>omnino</span> <span class='ocrx_word' id='word_1_13' title='bbox 547 707 705 799; x_wconf 79' lang='lat' dir='ltr'>ptisanae</span> <span class='ocrx_word' id='word_1_14' title='bbox 729 711 855 802; x_wconf 86' lang='lat' dir='ltr'>piper,</span> <span class='ocrx_word' id='word_1_15' title='bbox 878 723 941 782; x_wconf 89' lang='lat' dir='ltr'>aut</span> <span class='ocrx_word' id='word_1_16' title='bbox 963 714 1168 805; x_wconf 87' lang='lat' dir='ltr'>origanum.</span> <span class='ocrx_word' id='word_1_17' title='bbox 1194 728 1259 786; x_wconf 87' lang='lat' dir='ltr'>aut</span> 
     </span>
     <span class='ocr_line' id='line_1_4' title="bbox 233 811 1261 929; baseline 0.002 -25"><span class='ocrx_word' id='word_1_18' title='bbox 233 833 433 929; x_wconf 78' lang='lat' dir='ltr'><strong>hyssopum.</strong></span> <span class='ocrx_word' id='word_1_19' title='bbox 481 831 623 901; x_wconf 78' lang='lat' dir='ltr'><strong>Etenim</strong></span> <span class='ocrx_word' id='word_1_20' title='bbox 651 830 857 924; x_wconf 85' lang='lat' dir='ltr'>hujusmodi</span> <span class='ocrx_word' id='word_1_21' title='bbox 886 833 1091 928; x_wconf 89' lang='lat' dir='ltr'>plerumque</span> <span class='ocrx_word' id='word_1_22' title='bbox 1120 811 1261 928; x_wconf 81' lang='lat' dir='ltr'>pericu·¹</span> 
     </span>
     <span class='ocr_line' id='line_1_5' title="bbox 233 952 1259 1028; baseline -0.001 -1"><span class='ocrx_word' id='word_1_23' title='bbox 233 957 310 1028; x_wconf 88' lang='lat' dir='ltr'>losa</span> <span class='ocrx_word' id='word_1_24' title='bbox 334 966 417 1027; x_wconf 88' lang='lat' dir='ltr'>sunt</span> <span class='ocrx_word' id='word_1_25' title='bbox 440 966 477 1026; x_wconf 89' lang='lat' dir='ltr'>et</span> <span class='ocrx_word' id='word_1_26' title='bbox 496 953 613 1023; x_wconf 86' lang='lat' dir='ltr'>febres</span> <span class='ocrx_word' id='word_1_27' title='bbox 636 952 919 1026; x_wconf 84' lang='lat' dir='ltr'>vehementiores</span> <span class='ocrx_word' id='word_1_28' title='bbox 948 957 1167 1026; x_wconf 88' lang='lat' dir='ltr'>accendunt:</span> <span class='ocrx_word' id='word_1_29' title='bbox 1202 957 1259 1027; x_wconf 87' lang='lat' dir='ltr'>id·</span> 
     </span>
     <span class='ocr_line' id='line_1_6' title="bbox 235 1077 1259 1176; baseline -0.001 -26"><span class='ocrx_word' id='word_1_30' title='bbox 235 1104 307 1176; x_wconf 90' lang='lat' dir='ltr'>que</span> <span class='ocrx_word' id='word_1_31' title='bbox 331 1079 441 1172; x_wconf 90' lang='lat' dir='ltr'>magis</span> <span class='ocrx_word' id='word_1_32' title='bbox 468 1077 604 1158; x_wconf 88' lang='lat' dir='ltr'>adhue,</span> <span class='ocrx_word' id='word_1_33' title='bbox 631 1077 661 1148; x_wconf 87' lang='lat' dir='ltr'>si</span> <span class='ocrx_word' id='word_1_34' title='bbox 682 1087 997 1170; x_wconf 78' lang='lat' dir='ltr'>temperamentum</span> <span class='ocrx_word' id='word_1_35' title='bbox 1027 1080 1183 1172; x_wconf 87' lang='lat' dir='ltr'>corporis</span> <span class='ocrx_word' id='word_1_36' title='bbox 1202 1101 1259 1149; x_wconf 90' lang='lat' dir='ltr'>ea·</span> 
     </span>
     <span class='ocr_line' id='line_1_7' title="bbox 234 1199 1262 1295; baseline 0.002 -23"><span class='ocrx_word' id='word_1_37' title='bbox 234 1203 343 1274; x_wconf 90' lang='lat' dir='ltr'>lidius</span> <span class='ocrx_word' id='word_1_38' title='bbox 366 1203 568 1274; x_wconf 83' lang='lat' dir='ltr'>inveniatur</span> <span class='ocrx_word' id='word_1_39' title='bbox 593 1212 630 1270; x_wconf 92' lang='lat' dir='ltr'>et</span> <span class='ocrx_word' id='word_1_40' title='bbox 650 1200 781 1293; x_wconf 77' lang='lat' dir='ltr'>pituita</span> <span class='ocrx_word' id='word_1_41' title='bbox 802 1203 941 1282; x_wconf 87' lang='lat' dir='ltr'>mitior,</span> <span class='ocrx_word' id='word_1_42' title='bbox 965 1225 1070 1295; x_wconf 89' lang='lat' dir='ltr'>quam</span> <span class='ocrx_word' id='word_1_43' title='bbox 1095 1201 1195 1272; x_wconf 89' lang='lat' dir='ltr'>bilis:</span> <span class='ocrx_word' id='word_1_44' title='bbox 1221 1199 1262 1274; x_wconf 82' lang='lat' dir='ltr'>et</span> 
     </span>
     <span class='ocr_line' id='line_1_8' title="bbox 235 1323 1262 1423; baseline 0 -27"><span class='ocrx_word' id='word_1_45' title='bbox 235 1350 329 1423; x_wconf 89' lang='lat' dir='ltr'>quae</span> <span class='ocrx_word' id='word_1_46' title='bbox 352 1349 425 1396; x_wconf 90' lang='lat' dir='ltr'>non</span> <span class='ocrx_word' id='word_1_47' title='bbox 444 1327 532 1396; x_wconf 88' lang='lat' dir='ltr'>adeo</span> <span class='ocrx_word' id='word_1_48' title='bbox 553 1323 798 1394; x_wconf 79' lang='lat' dir='ltr'>calefacientia</span> <span class='ocrx_word' id='word_1_49' title='bbox 826 1325 1008 1420; x_wconf 64' lang='lat' dir='ltr'>requirat.⁴</span> <span class='ocrx_word' id='word_1_50' title='bbox 1044 1327 1185 1419; x_wconf 86' lang='lat' dir='ltr'>Quippe</span> <span class='ocrx_word' id='word_1_51' title='bbox 1206 1347 1262 1396; x_wconf 61' lang='lat' dir='ltr'>sai</span> 
     </span>
     <span class='ocr_line' id='line_1_9' title="bbox 234 1446 1261 1541; baseline 0.001 -20"><span class='ocrx_word' id='word_1_52' title='bbox 234 1450 283 1521; x_wconf 91' lang='lat' dir='ltr'>tis</span> <span class='ocrx_word' id='word_1_53' title='bbox 299 1450 368 1522; x_wconf 90' lang='lat' dir='ltr'>erit</span> <span class='ocrx_word' id='word_1_54' title='bbox 386 1447 425 1518; x_wconf 91' lang='lat' dir='ltr'>in</span> <span class='ocrx_word' id='word_1_55' title='bbox 442 1447 498 1518; x_wconf 91' lang='lat' dir='ltr'>his</span> <span class='ocrx_word' id='word_1_56' title='bbox 516 1448 573 1518; x_wconf 90' lang='lat' dir='ltr'>uti</span> <span class='ocrx_word' id='word_1_57' title='bbox 589 1460 626 1518; x_wconf 89' lang='lat' dir='ltr'>et</span> <span class='ocrx_word' id='word_1_58' title='bbox 646 1471 718 1517; x_wconf 90' lang='lat' dir='ltr'>non</span> <span class='ocrx_word' id='word_1_59' title='bbox 740 1446 890 1518; x_wconf 90' lang='lat' dir='ltr'>multum</span> <span class='ocrx_word' id='word_1_60' title='bbox 909 1447 1200 1541; x_wconf 77' lang='lat' dir='ltr'>refrigerantibus</span> <span class='ocrx_word' id='word_1_61' title='bbox 1220 1461 1261 1522; x_wconf 85' lang='lat' dir='ltr'>et</span> 
     </span>
     <span class='ocr_line' id='line_1_10' title="bbox 235 1554 1260 1668; baseline -0.001 -24"><span class='ocrx_word' id='word_1_62' title='bbox 235 1574 296 1657; x_wconf 86' lang='lat' dir='ltr'>iis,</span> <span class='ocrx_word' id='word_1_63' title='bbox 321 1596 419 1668; x_wconf 87' lang='lat' dir='ltr'>quae</span> <span class='ocrx_word' id='word_1_64' title='bbox 435 1570 562 1640; x_wconf 88' lang='lat' dir='ltr'>sensim</span> <span class='ocrx_word' id='word_1_65' title='bbox 578 1582 768 1642; x_wconf 82' lang='lat' dir='ltr'>extenuare</span> <span class='ocrx_word' id='word_1_66' title='bbox 793 1554 882 1640; x_wconf 84' lang='lat' dir='ltr'>citra</span> <span class='ocrx_word' id='word_1_67' title='bbox 904 1571 1056 1642; x_wconf 79' lang='lat' dir='ltr'>calorem</span> <span class='ocrx_word' id='word_1_68' title='bbox 1078 1571 1260 1665; x_wconf 86' lang='lat' dir='ltr'>possunt.”</span> 
     </span>
     <span class='ocr_line' id='line_1_11' title="bbox 231 1692 1263 1790; baseline -0.001 -23"><span class='ocrx_word' id='word_1_69' title='bbox 231 1731 233 1740; x_wconf 36' lang='grc' dir='ltr'><em>ν</em></span> <span class='ocrx_word' id='word_1_70' title='bbox 284 1696 373 1771; x_wconf 87' lang='lat' dir='ltr'>Cum</span> <span class='ocrx_word' id='word_1_71' title='bbox 399 1695 467 1765; x_wconf 89' lang='lat' dir='ltr'>hac</span> <span class='ocrx_word' id='word_1_72' title='bbox 487 1693 583 1787; x_wconf 86' lang='lat' dir='ltr'>praxi</span> <span class='ocrx_word' id='word_1_73' title='bbox 604 1693 772 1762; x_wconf 84' lang='lat' dir='ltr'>convenit</span> <span class='ocrx_word' id='word_1_74' title='bbox 789 1692 962 1764; x_wconf 87' lang='lat' dir='ltr'>monitum</span> <span class='ocrx_word' id='word_1_75' title='bbox 992 1694 1099 1770; x_wconf 67' lang='lat' dir='ltr'>Aeni</span> <span class='ocrx_word' id='word_1_76' title='bbox 1116 1694 1162 1766; x_wconf 89' lang='lat' dir='ltr'>de</span> <span class='ocrx_word' id='word_1_77' title='bbox 1184 1717 1263 1790; x_wconf 80' lang='lat' dir='ltr'>ery-</span> 
     </span>
     <span class='ocr_line' id='line_1_12' title="bbox 236 1815 1261 1916; baseline -0.008 -20"><span class='ocrx_word' id='word_1_78' title='bbox 236 1819 421 1916; x_wconf 86' lang='lat' dir='ltr'>sipelaceis</span> <span class='ocrx_word' id='word_1_79' title='bbox 460 1819 635 1888; x_wconf 82' lang='lat' dir='ltr'>viscerum</span> <span class='ocrx_word' id='word_1_80' title='bbox 673 1815 883 1898; x_wconf 83' lang='lat' dir='ltr'>affectibus,</span> <span class='ocrx_word' id='word_1_81' title='bbox 920 1815 966 1886; x_wconf 87' lang='lat' dir='ltr'>ab</span> <span class='ocrx_word' id='word_1_82' title='bbox 1002 1841 1046 1888; x_wconf 87' lang='lat' dir='ltr'>eo</span> <span class='ocrx_word' id='word_1_83' title='bbox 1088 1817 1261 1890; x_wconf 82' lang='lat' dir='ltr'>citatumr</span> 
     </span>
     <span class='ocr_line' id='line_1_13' title="bbox 236 1940 1262 2041; baseline -0.006 -23"><span class='ocrx_word' id='word_1_84' title='bbox 236 1942 365 2041; x_wconf 78' lang='lat' dir='ltr'>»quod</span> <span class='ocrx_word' id='word_1_85' title='bbox 385 1942 413 2012; x_wconf 87' lang='lat' dir='ltr'>si</span> <span class='ocrx_word' id='word_1_86' title='bbox 432 1940 687 2032; x_wconf 81' lang='lat' dir='ltr'>erysipelaceus</span> <span class='ocrx_word' id='word_1_87' title='bbox 706 1941 865 2013; x_wconf 84' lang='lat' dir='ltr'>affectus</span> <span class='ocrx_word' id='word_1_88' title='bbox 881 1941 1016 2012; x_wconf 81' lang='lat' dir='ltr'>viscera</span> <span class='ocrx_word' id='word_1_89' title='bbox 1034 1953 1176 2032; x_wconf 83' lang='lat' dir='ltr'>urgeat.</span> <span class='ocrx_word' id='word_1_90' title='bbox 1200 1941 1262 2012; x_wconf 83' lang='lat' dir='ltr'>ab·</span> 
     </span>
     <span class='ocr_line' id='line_1_14' title="bbox 237 2059 1263 2158; baseline -0.005 -18"><span class='ocrx_word' id='word_1_91' title='bbox 237 2064 441 2140; x_wconf 88' lang='lat' dir='ltr'>stinendum</span> <span class='ocrx_word' id='word_1_92' title='bbox 459 2059 586 2132; x_wconf 85' lang='lat' dir='ltr'>balneo</span> <span class='ocrx_word' id='word_1_93' title='bbox 611 2059 753 2158; x_wconf 88' lang='lat' dir='ltr'>(calido)</span> <span class='ocrx_word' id='word_1_94' title='bbox 777 2064 817 2133; x_wconf 91' lang='lat' dir='ltr'>in</span> <span class='ocrx_word' id='word_1_95' title='bbox 836 2075 972 2145; x_wconf 85' lang='lat' dir='ltr'>totum,</span> <span class='ocrx_word' id='word_1_96' title='bbox 996 2062 1124 2155; x_wconf 88' lang='lat' dir='ltr'>frigida</span> <span class='ocrx_word' id='word_1_97' title='bbox 1141 2076 1263 2135; x_wconf 80' lang='lat' dir='ltr'>auteur</span> 
     </span>
     <span class='ocr_line' id='line_1_15' title="bbox 236 2185 1264 2277; baseline -0.004 -15"><span class='ocrx_word' id='word_1_98' title='bbox 236 2193 277 2262; x_wconf 92' lang='lat' dir='ltr'>in</span> <span class='ocrx_word' id='word_1_99' title='bbox 299 2185 410 2258; x_wconf 87' lang='lat' dir='ltr'>morbi</span> <span class='ocrx_word' id='word_1_100' title='bbox 441 2185 562 2277; x_wconf 80' lang='lat' dir='ltr'>rigore</span> <span class='ocrx_word' id='word_1_101' title='bbox 583 2197 726 2258; x_wconf 88' lang='lat' dir='ltr'>strenue</span> <span class='ocrx_word' id='word_1_102' title='bbox 750 2187 925 2259; x_wconf 91' lang='lat' dir='ltr'>utendum</span> <span class='ocrx_word' id='word_1_103' title='bbox 951 2197 1014 2256; x_wconf 88' lang='lat' dir='ltr'>est.</span> <span class='ocrx_word' id='word_1_104' title='bbox 1063 2186 1123 2256; x_wconf 87' lang='lat' dir='ltr'>Ita</span> <span class='ocrx_word' id='word_1_105' title='bbox 1147 2188 1264 2258; x_wconf 83' lang='lat' dir='ltr'>nomi-</span> 
     </span>
     <span class='ocr_line' id='line_1_16' title="bbox 238 2307 1262 2403; baseline -0.004 -17"><span class='ocrx_word' id='word_1_106' title='bbox 238 2335 324 2386; x_wconf 86' lang='lat' dir='ltr'>nare</span> <span class='ocrx_word' id='word_1_107' title='bbox 343 2309 609 2387; x_wconf 84' lang='lat' dir='ltr'>consuevimus,</span> <span class='ocrx_word' id='word_1_108' title='bbox 628 2332 740 2403; x_wconf 90' lang='lat' dir='ltr'>quum</span> <span class='ocrx_word' id='word_1_109' title='bbox 757 2334 829 2382; x_wconf 88' lang='lat' dir='ltr'>una</span> <span class='ocrx_word' id='word_1_110' title='bbox 846 2310 928 2380; x_wconf 81' lang='lat' dir='ltr'>sice</span> <span class='ocrx_word' id='word_1_111' title='bbox 946 2319 983 2378; x_wconf 89' lang='lat' dir='ltr'>et</span> <span class='ocrx_word' id='word_1_112' title='bbox 1001 2307 1262 2402; x_wconf 88' lang='lat' dir='ltr'>frigidissimam</span> 
     </span>
     <span class='ocr_line' id='line_1_17' title="bbox 237 2431 1265 2528; baseline -0.005 -18"><span class='ocrx_word' id='word_1_113' title='bbox 237 2450 276 2510; x_wconf 86' lang='lat' dir='ltr'>et</span> <span class='ocrx_word' id='word_1_114' title='bbox 293 2434 440 2507; x_wconf 86' lang='lat' dir='ltr'>multam</span> <span class='ocrx_word' id='word_1_115' title='bbox 460 2431 670 2503; x_wconf 88' lang='lat' dir='ltr'>dederimus.</span> <span class='ocrx_word' id='word_1_116' title='bbox 720 2434 853 2506; x_wconf 90' lang='lat' dir='ltr'>Verum</span> <span class='ocrx_word' id='word_1_117' title='bbox 873 2445 957 2504; x_wconf 87' lang='lat' dir='ltr'>ente</span> <span class='ocrx_word' id='word_1_118' title='bbox 975 2443 1107 2503; x_wconf 87' lang='lat' dir='ltr'>statum</span> <span class='ocrx_word' id='word_1_119' title='bbox 1132 2432 1265 2528; x_wconf 80' lang='lat' dir='ltr'>frigida</span> 
     </span>
     <span class='ocr_line' id='line_1_18' title="bbox 237 2554 1264 2652; baseline -0.006 -19"><span class='ocrx_word' id='word_1_120' title='bbox 237 2585 311 2633; x_wconf 89' lang='lat' dir='ltr'>nen</span> <span class='ocrx_word' id='word_1_121' title='bbox 330 2572 490 2634; x_wconf 87' lang='lat' dir='ltr'>utemur,</span> <span class='ocrx_word' id='word_1_122' title='bbox 513 2555 582 2626; x_wconf 89' lang='lat' dir='ltr'>nisi</span> <span class='ocrx_word' id='word_1_123' title='bbox 601 2557 647 2626; x_wconf 90' lang='lat' dir='ltr'>ab</span> <span class='ocrx_word' id='word_1_124' title='bbox 671 2581 797 2652; x_wconf 85' lang='lat' dir='ltr'>aegro,</span> <span class='ocrx_word' id='word_1_125' title='bbox 821 2557 944 2652; x_wconf 89' lang='lat' dir='ltr'>quiet</span> <span class='ocrx_word' id='word_1_126' title='bbox 970 2554 1119 2648; x_wconf 88' lang='lat' dir='ltr'>frigidae</span> <span class='ocrx_word' id='word_1_127' title='bbox 1146 2555 1264 2649; x_wconf 82' lang='lat' dir='ltr'>potiu-</span> 
     </span>
     <span class='ocr_line' id='line_1_19' title="bbox 238 2678 1265 2775; baseline -0.004 -20"><span class='ocrx_word' id='word_1_128' title='bbox 238 2685 279 2756; x_wconf 92' lang='lat' dir='ltr'>ni</span> <span class='ocrx_word' id='word_1_129' title='bbox 305 2679 499 2753; x_wconf 77' lang='lat' dir='ltr'>assueverit</span> <span class='ocrx_word' id='word_1_130' title='bbox 520 2691 557 2748; x_wconf 88' lang='lat' dir='ltr'>et</span> <span class='ocrx_word' id='word_1_131' title='bbox 583 2680 678 2750; x_wconf 89' lang='lat' dir='ltr'>sitim</span> <span class='ocrx_word' id='word_1_132' title='bbox 698 2679 792 2751; x_wconf 88' lang='lat' dir='ltr'>ferre</span> <span class='ocrx_word' id='word_1_133' title='bbox 818 2690 991 2775; x_wconf 88' lang='lat' dir='ltr'>nequeat,</span> <span class='ocrx_word' id='word_1_134' title='bbox 1018 2679 1133 2749; x_wconf 88' lang='lat' dir='ltr'>coeeti</span> <span class='ocrx_word' id='word_1_135' title='bbox 1155 2678 1265 2751; x_wconf 83' lang='lat' dir='ltr'>fueri·</span> 
     </span>
     <span class='ocr_line' id='line_1_20' title="bbox 238 2801 1266 2896; baseline -0.007 -16"><span class='ocrx_word' id='word_1_136' title='bbox 238 2831 329 2880; x_wconf 87' lang='lat' dir='ltr'>mus.</span> <span class='ocrx_word' id='word_1_137' title='bbox 377 2804 603 2875; x_wconf 75' lang='lat' dir='ltr'>Extrinsecus</span> <span class='ocrx_word' id='word_1_138' title='bbox 623 2803 732 2896; x_wconf 88' lang='lat' dir='ltr'>igitur</span> <span class='ocrx_word' id='word_1_139' title='bbox 755 2804 889 2896; x_wconf 90' lang='lat' dir='ltr'>imponi</span> <span class='ocrx_word' id='word_1_140' title='bbox 910 2801 1044 2872; x_wconf 86' lang='lat' dir='ltr'>debent</span> <span class='ocrx_word' id='word_1_141' title='bbox 1056 2849 1066 2883; x_wconf 91' lang='lat'>,</span> <span class='ocrx_word' id='word_1_142' title='bbox 1091 2825 1183 2896; x_wconf 88' lang='lat' dir='ltr'>quae</span> <span class='ocrx_word' id='word_1_143' title='bbox 1207 2825 1266 2873; x_wconf 88' lang='lat' dir='ltr'>re·</span> 
     </span>
     <span class='ocr_line' id='line_1_21' title="bbox 242 2923 1269 3024; baseline -0.009 -21"><span class='ocrx_word' id='word_1_144' title='bbox 242 2932 432 3024; x_wconf 79' lang='lat' dir='ltr'>frigerent,</span> <span class='ocrx_word' id='word_1_145' title='bbox 457 2938 494 2996; x_wconf 92' lang='lat' dir='ltr'>et</span> <span class='ocrx_word' id='word_1_146' title='bbox 516 2928 546 2996; x_wconf 90' lang='lat' dir='ltr'>si</span> <span class='ocrx_word' id='word_1_147' title='bbox 572 2927 663 2996; x_wconf 91' lang='lat' dir='ltr'>nihil</span> <span class='ocrx_word' id='word_1_148' title='bbox 682 2927 895 3020; x_wconf 85' lang='lat' dir='ltr'>proficiunt,</span> <span class='ocrx_word' id='word_1_149' title='bbox 921 2935 1008 2996; x_wconf 89' lang='lat' dir='ltr'>tunc</span> <span class='ocrx_word' id='word_1_150' title='bbox 1037 2923 1144 2993; x_wconf 87' lang='lat' dir='ltr'>etiam</span> <span class='ocrx_word' id='word_1_151' title='bbox 1169 2923 1269 3018; x_wconf 82' lang='lat' dir='ltr'>frigi·</span> 
     </span>
     <span class='ocr_line' id='line_1_22' title="bbox 240 3045 1267 3145; baseline -0.006 -20"><span class='ocrx_word' id='word_1_152' title='bbox 240 3055 324 3128; x_wconf 91' lang='lat' dir='ltr'>dam</span> <span class='ocrx_word' id='word_1_153' title='bbox 346 3051 527 3145; x_wconf 89' lang='lat' dir='ltr'>potionem</span> <span class='ocrx_word' id='word_1_154' title='bbox 545 3048 646 3125; x_wconf 85' lang='lat' dir='ltr'>dare.</span> <span class='ocrx_word' id='word_1_155' title='bbox 672 3061 735 3119; x_wconf 88' lang='lat' dir='ltr'>aut</span> <span class='ocrx_word' id='word_1_156' title='bbox 755 3049 875 3143; x_wconf 90' lang='lat' dir='ltr'>potius</span> <span class='ocrx_word' id='word_1_157' title='bbox 896 3046 993 3117; x_wconf 87' lang='lat' dir='ltr'>eibos</span> <span class='ocrx_word' id='word_1_158' title='bbox 1018 3045 1267 3138; x_wconf 83' lang='lat' dir='ltr'>refrigerantes</span> 
     </span>
     <span class='ocr_line' id='line_1_23' title="bbox 243 3169 1267 3271; baseline -0.006 -23"><span class='ocrx_word' id='word_1_159' title='bbox 243 3174 414 3271; x_wconf 82' lang='lat' dir='ltr'>opertet,’&#39;</span> <span class='ocrx_word' id='word_1_160' title='bbox 467 3173 558 3242; x_wconf 87' lang='lat' dir='ltr'>Sane</span> <span class='ocrx_word' id='word_1_161' title='bbox 585 3173 614 3241; x_wconf 89' lang='lat' dir='ltr'>si</span> <span class='ocrx_word' id='word_1_162' title='bbox 640 3173 731 3242; x_wconf 89' lang='lat' dir='ltr'>haec</span> <span class='ocrx_word' id='word_1_163' title='bbox 762 3173 860 3252; x_wconf 86' lang='lat' dir='ltr'>loca,</span> <span class='ocrx_word' id='word_1_164' title='bbox 896 3169 926 3240; x_wconf 85' lang='lat' dir='ltr'>si</span> <span class='ocrx_word' id='word_1_165' title='bbox 956 3192 1095 3240; x_wconf 86' lang='lat' dir='ltr'>omnem</span> <span class='ocrx_word' id='word_1_166' title='bbox 1123 3171 1267 3242; x_wconf 85' lang='lat' dir='ltr'>omnine</span> 
     </span>
     <span class='ocr_line' id='line_1_24' title="bbox 244 3295 1270 3390; baseline -0.007 -17"><span class='ocrx_word' id='word_1_167' title='bbox 244 3309 406 3373; x_wconf 76' lang='lat' dir='ltr'>veterum</span> <span class='ocrx_word' id='word_1_168' title='bbox 432 3295 554 3390; x_wconf 82' lang='lat' dir='ltr'>praxin</span> <span class='ocrx_word' id='word_1_169' title='bbox 576 3297 721 3366; x_wconf 85' lang='lat' dir='ltr'>adtente</span> <span class='ocrx_word' id='word_1_170' title='bbox 749 3295 1026 3375; x_wconf 87' lang='lat' dir='ltr'>consideremus,</span> <span class='ocrx_word' id='word_1_171' title='bbox 1046 3295 1123 3364; x_wconf 81' lang='lat' dir='ltr'>fate</span> <span class='ocrx_word' id='word_1_172' title='bbox 1145 3303 1270 3386; x_wconf 81' lang='lat' dir='ltr'>paten-</span> 
     </span>
     <span class='ocr_line' id='line_1_25' title="bbox 243 3416 1269 3516; baseline 0 -22"><span class='ocrx_word' id='word_1_173' title='bbox 243 3436 317 3494; x_wconf 89' lang='lat' dir='ltr'>tem</span> <span class='ocrx_word' id='word_1_174' title='bbox 339 3441 472 3516; x_wconf 84' lang='lat' dir='ltr'>perquc</span> <span class='ocrx_word' id='word_1_175' title='bbox 496 3419 614 3489; x_wconf 90' lang='lat' dir='ltr'>omnia</span> <span class='ocrx_word' id='word_1_176' title='bbox 636 3420 877 3491; x_wconf 87' lang='lat' dir='ltr'>dominantem</span> <span class='ocrx_word' id='word_1_177' title='bbox 900 3416 1100 3490; x_wconf 88' lang='lat' dir='ltr'>videbimus</span> <span class='ocrx_word' id='word_1_178' title='bbox 1121 3416 1269 3494; x_wconf 79' lang='lat' dir='ltr'>medici·</span> 
     </span>
     <span class='ocr_line' id='line_1_26' title="bbox 242 3541 1020 3638; baseline -0.008 -18"><span class='ocrx_word' id='word_1_179' title='bbox 242 3571 310 3621; x_wconf 87' lang='lat' dir='ltr'>nae</span> <span class='ocrx_word' id='word_1_180' title='bbox 331 3543 570 3638; x_wconf 84' lang='lat' dir='ltr'>refrigerantis</span> <span class='ocrx_word' id='word_1_181' title='bbox 586 3565 746 3614; x_wconf 78' lang='lat' dir='ltr'>neumae</span> <span class='ocrx_word' id='word_1_182' title='bbox 763 3541 1020 3616; x_wconf 85' lang='lat' dir='ltr'>salubritatem.</span> 
     </span>
    </p>
   </div>
   <div class='ocr_carea' id='block_1_3' title="bbox 0 0 1467 4874">
    <p class='ocr_par' dir='ltr' id='par_1_3' title="bbox 0 0 1467 4874">
     <span class='ocr_line' id='line_1_27' title="bbox 0 0 1467 4874; baseline 0 0"><span class='ocrx_word' id='word_1_183' title='bbox 0 0 1467 4874; x_wconf 95' lang='lat' dir='ltr'> </span> 
     </span>
    </p>
   </div>
  </div>
 </body>
</html>
