2834 4874
245 387 285 451 72
461 377 696 450 enonas
733 375 1030 442 arlnttttct,

248 595 320 666 que
342 561 406 649 iis,
438 589 531 662 quae
559 565 605 635 de
632 564 760 632 chorea
787 559 986 652 epidemiea
1013 545 1292 638 adnotavimus}

248 703 475 788 comparata,
509 711 629 759 nonne
658 684 857 778 siguificare
890 682 1081 764 ridentur,
1115 705 1289 775 regnasse

249 819 319 890 hac
340 828 460 887 aetate
479 811 647 884 neurosin
673 808 928 902 epidemicam,
956 805 1196 901 periodieam,
1223 829 1290 875 cu·
1407 795 1408 814 *

245 943 309 1037 jus
335 931 450 1034 prima
482 946 559 1007 erat
585 935 624 1004 in
653 931 772 1003 nervis
804 931 900 1002 ritae
929 931 1154 1022 vegetativae
1181 931 1290 1021 origo

247 1087 415 1160 quaeque
445 1083 525 1130 curn
551 1061 589 1128 in
606 1056 799 1128 medullam
821 1055 992 1147 spinalem
1019 1075 1197 1146 omneque
1229 1077 1291 1144 sy·

248 1199 361 1259 stema
378 1183 570 1255 motorium
600 1181 869 1262 traduceretur,
895 1179 945 1248 ibi
971 1188 1204 1272 symptomata
1231 1199 1293 1244 re«
1409 1209 1410 1212 ¹

247 1310 447 1389 flectionis,
481 1301 574 1401 qnae
599 1306 769 1375 dicuntur
800 1301 932 1382 bodie,
966 1301 1146 1372 excitabat
1177 1302 1292 1369 moti-¹

246 1434 387 1527 busque
413 1429 613 1501 fortissimis
635 1427 816 1497 turbatum
833 1426 928 1495 inter
947 1426 1063 1496 uarias
1080 1425 1181 1518 regni
1201 1443 1292 1492 ner·

246 1558 326 1626 rosi
354 1551 557 1650 provincias
586 1549 839 1645 aequilibrium
871 1547 1112 1642 redintegrare
1140 1547 1293 1618 niteba-

244 1691 315 1751 tur.

249 1859 255 1880 .,
302 1805 348 1874 In
377 1800 566 1896 epilepsia,
598 1797 805 1891 eclampsia,
840 1798 1070 1892 hysterismo‚
1106 1819 1291 1868 somnam·-
1412 1795 1413 1800 ’

247 1927 397 1998 belismo
413 1947 583 2018 suppares
603 1937 768 1994 notamus
791 1933 910 1992 motus
928 1922 1089 2014 ejusdem
1114 1921 1191 1993 iere
1212 1923 1292 2014 sig-

246 2049 486 2129 nificationis,
518 2047 582 2141 qui
608 2045 674 2116 uhi
699 2047 737 2119 vi
759 2045 1019 2128 cohibeantur,
1053 2055 1116 2116 aut
1135 2022 1293 2140 'suppri-

246 2184 409 2252 mantur‚
444 2171 665 2264 gravissimas
693 2171 911 2249 anxietates,
945 2191 1092 2262 angores
1122 2169 1293 2266 aliasque

246 2318 427 2390 noxasque
449 2305 656 2388 provocant
705 2293 876 2365 Chorcam
894 2303 1016 2361 autem
1045 2292 1291 2386 epidernicam
1349 2389 1351 2396 Ι
1415 2361 1416 2372 ἶ

246 2428 287 2490 et
310 2417 555 2488 tarantismum
582 2439 656 2488 nun
681 2417 786 2487 laeile
800 2409 896 2510 'quis
920 2415 965 2484 ad
993 2437 1098 2485 unam
1124 2417 1293 2510 speciem

246 2563 440 2613 neuroseos
475 2539 661 2615 revocaret
687 2563 832 2634 unoque
863 2539 1006 2628 nomine
1040 2540 1291 2632 compellaret.

244 2666 336 2738 llam
366 2662 519 2736 subinde
550 2662 718 2750 comatis,
744 2662 895 2734 subinde
920 2663 1103 2734 ere'thismi
1133 2641 1292 2736 lobnam

246 2787 443 2867 induebat,
481 2787 559 2880 jem
595 2785 806 2880 epilepsiae,
836 2788 914 2882 jam
945 2788 1177 2880 eclampsiae,
1218 2803 1293 2862 aut

246 2911 479 3006 hysterismo,
500 2911 576 3003 jam
595 2911 904 2982 somnambulismo
925 2910 1085 2982 adfinior.
1135 2901 1290 3004 Qua'de

249 3059 290 3110 re
307 3033 664 3106 animadvertendum
682 3045 757 3114 est,
781 3035 879 3128 quod
897 3035 943 3106 de
964 3036 1115 3106 caeteris
1132 3035 1293 3128 primae-⁸

255 3158 310 3230 vis
327 3157 531 3229 morborum
556 3157 676 3228 formis
696 3175 801 3249 supra
814 3158 954 3251 saepius
975 3157 1293 3232 animadvertendi

248 3294 293 3354 et
317 3285 417 3352 locus
446 3292 485 3352 et
509 3293 649 3376 tempus
678 3281 768 3352 fuit:
793 3281 898 3354 initio
925 3284 1039 3353 veluti
1061 3282 1100 3350 in
1125 3283 1291 3374 germine

252 3418 319 3477 aut
343 3419 428 3499 typo
457 3405 677 3500 primordiali
703 3406 831 3498 plures
848 3405 1100 3499 comprehendi
1129 3404 1290 3489 formas,

252 3529 423 3623 deinceps
452 3528 691 3599 excludendas
721 3540 759 3598 et
784 3527 1025 3622 explicandas,
1060 3529 1174 3599 donec
1208 3541 1292 3600 tam

252 3652 336 3722 dem
359 3653 398 3722 in
422 3649 609 3722 definitam
636 3652 786 3723 maxime
809 3675 852 3723 ac
874 3654 1176 3745 circumscriptam
1204 3675 1292 3744 spe-

253 3775 365 3856 ciem,
390 3774 506 3870 qualis
525 3772 699 3844 hodierna
715 3776 846 3864 eborea
865 3777 979 3847 sancti
994 3775 1071 3846 Viti
1089 3787 1163 3857 est,
1187 3777 1288 3846 desi-

254 3907 330 3969 nat.
378 3898 475 3969 Illud
505 3910 625 3968 tamen
653 3899 817 3971 omnibus
846 3924 887 3971 ac
914 3899 1059 3993 singulis
1097 3921 1288 3970 commune

256 4021 379 4094 subest
396 4022 628 4118 principium,
654 4022 842 4117 quodcum
861 4027 941 4095 nisu
960 4023 1109 4119 plastico
1129 3994 1192 4095 aut
1214 4021 1288 4108 tor,
