2900 4874
307 364 346 424 52
615 360 1035 426 ltousautu'ltl:

305 543 397 636 ignis
418 541 558 612 adustio
584 535 729 610 'earnem
753 539 930 634 adusque
955 562 1033 610 ossa
1055 541 1329 633 penitus‘eoulia

307 667 422 737 siens:
449 663 562 745 adeo,
587 675 629 733 ut
647 663 754 734 etiam
785 676 1003 742 mortuorum
1033 663 1203 750 invadens
1226 667 1327 742 eada*

303 810 388 859 vera
420 787 579 880 sepulta,
613 809 735 856 carnes
770 797 962 882 antequam
976 851 979 858 r
994 784 1126 880 sepiliri
1161 802 1322 880 possent,

303 913 558 982 consumeret.’¹
608 910 709 1004 Quae
730 910 876 1005 quidem
904 908 1056 982 varietus
1072 911 1195 988 ‚morbi
1218 913 1322 1001 magis

299 1035 345 1104 ad
374 1033 628 1127 erysipelaeeas
657 1045 694 1106 et
722 1035 838 1126 iguem
863 1041 1001 1106 see'ruur
1034 1033 1206 1108 assedere
1227 1034 1322 1107 ride·

297 1169 371 1229 tur‘
612 1157 616 1166 ’

352 1282 406 1353 lle
434 1281 551 1356 Gallia
579 1294 768 1377 supersunt
800 1281 973 1356 Gawous
1001 1302 1048 1354 us
1078 1281 1256 1356 Quuaco
1269 1292 1319 1354 ·et

295 1405 445 1478 Cuatrru
474 1407 687 1479 testimonia.
709 1406 894 1488 historica,
928 1417 1065 1500 pestem
1090 1405 1321 1490 Asinionemv

291 1553 365 1600 sem
383 1533 591 1623 speetantia.
640 1530 695 1603 En
712 1527 862 1623 prioris!
886 1529 1316 1624 »Iueepitautemsdieta

290 1655 486 1724 mortalitas
508 1653 611 1725 nobis
639 1654 679 1723 in
700 1675 821 1723 mense
835 1653 1063 1726 lanuariiet
1089 1652 1235 1726 durarit
1254 1675 1315 1747 per
1377 1665 1381 1680 ·

242 1758 245 1761 ’
289 1789 424 1871 septem
451 1799 617 1850 menses..
647 1775 694 1848 Et
723 1776 851 1850 habuit
878 1777 969 1848 duos
995 1776 1128 1848 modos.
1176 1776 1334 1852 Primus-

235 1881 238 1888 Δ
288 1899 359 1972 luit
386 1921 449 1994 per
476 1897 567 1970 duos
579 1921 730 1971 menses
743 1925 825 1972 eum
844 1900 945 1972 lebre
964 1901 1134 1972 continua
1152 1911 1190 1972 et
1204 1911 1331 1994 sputo·

287 2023 494 2115 sanguinis·
512 2021 559 2092 Et
579 2022 643 2094 isti·
661 2024 903 2097 moriebantur
923 2021 1017 2093 infra
1031 2034 1107 2094 ‚tres
1131 2023 1221 2095 dies.
1255 2023 1313 2094 Se·

285 2145 424 2216 eundus
444 2145 569 2217 modus
590 2147 661 2218 fuit
685 2171 748 2240 per
767 2146 1138 2240 residuumttemporis
1155 2170 1238 2218 eum
1264 2145 1312 2222 fe·

283 2269 349 2340 bre
368 2269 484 2368 etiam
512 2271 680 2341 continua
704 2283 742 2340 et
759 2268 1046 2365 apostematibus
1074 2280 1112 2341 et
1134 2269 1312 2344 anthraci-

282 2395 352 2466 ‹bus
369 2395 408 2464 in
427 2391 660 2465 exterioribus
679 2391 862 2487 potissime
879 2393 918 2462 in
935 2390 1119 2476 eubasellis
1138 2405 1175 2466 et
1191 2392 1310 2488 ingui-

250 2519 253 2524 ’
282 2517 399 2589 uibus.
433 2517 479 2589 Et
499 2513 741 2588 moriebantur
760 2515 851 2585 infra
868 2514 1028 2608 quinque
1050 2515 1137 2592 dies.
1173 2516 1221 2587 Et
1239 2517 1329 2598 luit·

281 2651 403 2712 tantae
431 2633 734 2732 eontagiositatis,
770 2637 971 2732 specialiter
999 2661 1092 2732 quae
1123 2637 1196 2714 tuta
1228 2661 1307 2710 eum

278 2773 386 2855 sputo
416 2761 618 2854 sanguinis,
647 2740 753 2855 qued
775 2783 846 2830 nou
874 2761 988 2833 sulum
1018 2762 1206 2843 morando,
1243 2763 1306 2837 sed

276 2880 387 2958 ‘etiam
405 2883 628 2980 respiciendo
647 2907 740 2954 unus
762 2882 960 2976 reeipiebat
982 2881 1028 2952 ab
1057 2883 1144 2965 alio,
1169 2885 1208 2956 iu
1228 2897 1306 2974 tang·

274 3023 370 3090 tum,
394 3008 491 3102 quod
510 3019 634 3100 gentes
651 3005 892 3077 moriebantur
911 3005 988 3076 sine
1000 3007 1244 3079 ¹servitoribus
1265 3022 1303 3081 et

273 3133 536 3225 sepeliebantur
556 3131 631 3200 sine
657 3129 911 3201 sacerdotibus.
957 3129 1066 3200 Pater
1083 3153 1155 3200 non
1177 3131 1302 3204 visita·

272 3255 335 3326 bat
357 3255 495 3335 filium,
530 3277 599 3324 nee
620 3251 729 3322 filius·
743 3265 900 3346 patrem3
933 3251 1087 3327 ebaritas
1106 3263 1183 3324 eret
1204 3279 1301 3342 more

270 3391 352 3461 tua,
387 3402 466 3471 spes
494 3387 678 3470 prostrata.
727 3376 875 3455 Omnes,
906 3377 969 3468 qui
1000 3375 1297 3460 infirmabantur,

267 3499 709 3592 moriebantur,-exeeptis
724 3499 846 3592 paucis
866 3497 961 3570 cirea
979 3497 1107 3582 finem,
1131 3501 1195 3594 qui
1214 3523 1297 3586 eum
1316 3551 1318 3560 ,

266 3624 470 3696 bubonibus
490 3615 673 3692 maturatis
696 3621 918 3692 evaserunt.”

181 3729 185 3736 ’
264 3766 268 3772 ’
312 3749 541 3844 Enssalterum
559 3744 728 3826 Catum,
753 3743 861 3837 bajus
885 3730 1042 3839 aequalis
1058 3745 1294 3840 ejusdemque

262 3872 400 3970 patriae
429 3866 535 3940 aivis!
584 3866 757 3938 »Febres
777 3853 983 3962 'septimum
1018 3868 1077 3940 vix
1116 3870 1294 3938 excedunt

258 3997 377 4078 diem,
412 3992 559 4064 servatis
584 4005 649 4064 aut
679 3991 900 4084 interemptis
925 3991 970 4062 ad
999 3992 1037 4063 id
1069 4005 1205 4088 tempus
1232 4017 1294 4084 aer
