2900 4874
504 356 840 430 vllttotta.
1157 357 1192 424 ll

171 536 265 612 billis
283 556 426 632 prorsus
449 538 690 608 eonsentiunt:
717 537 945 631 quamobrem
968 537 1117 632 eonjr’eit
1138 540 1193 615 vir

168 657 392 734 doctissimus
416 659 646 753 Querulum,
678 661 798 734 seoulo
824 671 925 736 sexto
948 671 1111 736 veterum
1137 667 1196 738 λοι.

168 789 215 880 poi
242 789 282 857 in
317 805 381 856 sna
411 783 588 878 principia
619 784 802 860 relabente
833 782 1044 858 exanthum
1079 800 1194 862 eatan

168 911 268 984 rhale
297 906 542 978 morbillorum
568 928 691 982 versus
709 909 1004 1002 ‚septentrionem
1033 916 1196 987 reuenir-

168 1058 227 1116 se,
259 1043 303 1103 ut
333 1030 499 1101 biliosum
531 1031 746 1105 variolarom
775 1055 898 1105 rerem
932 1032 1117 1108 meridiem
1142 1063 1196 1111 se-

170 1160 288 1232 oessit.
335 1157 442 1250 Ipsae
472 1163 593 1226 autom
619 1154 802 1237 Variolae,
833 1179 915 1228 eum
943 1180 1036 1239 non,
1067 1171 1111 1234 ut
1135 1162 1196 1234 Ab

170 1283 268 1379 gypti
297 1280 425 1376 pestis,
449 1279 743 1376 lymphatieorum
770 1302 880 1373 genus
911 1289 1096 1374 peterent,
1128 1285 1194 1360 sed

171 1419 323 1502 systema
341 1403 551 1482 invaderent
566 1417 777 1485 cotoneum,
789 1405 872 1498 ipsa·
883 1412 1011 1476 nature
1029 1427 1094 1478 sua
1108 1407 1194 1480 oha·
1222 1435 1226 1440 ·

169 1529 300 1602 raoteri
333 1527 535 1620 nosologioo
568 1527 771 1600 morborum
812 1527 985 1604 Graeciae
1024 1526 1195 1626 deinoeps

171 1651 423 1749 persoribendo
442 1661 543 1722 erant
560 1652 671 1744 magis
693 1651 840 1738 adfines.

220 1777 354 1850 Verum
375 1775 580 1869 priusquam
602 1774 643 1862 in¹
662 1774 760 1846 hisee
781 1771 1098 1868 perquisitionibus
1111 1798 1195 1871 per.

172 1923 318 1996 gamus,
348 1896 448 1970 haud
472 1899 705 1990 incongruum
728 1897 815 1982 orit,
847 1897 1007 1972 Arabum
1035 1899 1195 1998 descrip-

173 2025 287 2096 tiones
304 2024 399 2094 inter
420 2045 458 2093 se
479 2021 650 2092 oonlerre.

219 2148 350 2241 Itaque
374 2146 515 2218 Raazes
542 2143 670 2230 docet,
694 2143 833 2219 futurus
856 2146 1005 2219 veriolus
1032 2171 1193 2243 praeser-

171 2272 237 2344 tim
263 2270 414 2342 indioari
441 2269 563 2341 doloro
592 2279 630 2340 et
654 2280 806 2353 terrore,
837 2295 917 2342 oum
945 2270 1045 2342 lehre
1080 2276 1194 2346 eonti-

170 2417 259 2480 nua3
278 2393 464 2468 Arrenius
476 2404 615 2488 praeter
632 2393 788 2465 dolorem
804 2392 918 2477 dorsi,
939 2401 1115 2489 pruritum
1132 2417 1194 2469 na-

171 2520 201 2591 si
224 2531 264 2590 et
284 2530 454 2590 terrorem
486 2518 525 2588 in
546 2541 687 2589 somno:
723 2517 994 2590 vehementibus
1014 2519 1053 2590 in
1081 2543 1193 2594 meur·

171 2641 243 2716 bris
258 2640 529 2736 punctionibus,
551 2643 722 2735 gravitate
740 2667 804 2737 per
817 2645 1021 2714 universum
1043 2668 1193 2740 eorpus,

172 2767 294 2838 oolore
316 2763 422 2836 laeiei
443 2774 483 2834 et
504 2765 687 2838 oculorum
703 2766 917 2847 rubicundo,
941 2768 1195 2863 lacrymatione

171 2900 209 2960 et
234 2890 384 2969 ardore,
417 2886 666 2983 frequentibus
688 2889 1036 2983 pandiculationibus
1065 2893 1196 2964 oseita·

169 3013 428 3107 tionibusque,
453 3035 534 3083 oum
559 3012 792 3107 respiratione
820 3023 974 3096 arctata,
1001 3038 1088 3088 vooa
1114 3039 1195 3088 rou·

169 3159 226 3218 oa,
253 3146 359 3231 sputo
386 3157 521 3218 erasso,
546 3136 675 3232 eapitis
694 3136 866 3230 gravitate
893 3147 932 3209 et
958 3137 1100 3226 dolore,
1124 3139 1196 3214 orio

166 3259 350 3340 siccitate,
383 3261 585 3344 anxietate,
609 3260 767 3333 launum
792 3271 831 3330 et
862 3260 1018 3353 pectoris
1049 3260 1194 3346 dolore',

168 3393 324 3454 tremore
341 3382 459 3477 pedis,
482 3383 626 3480 quando
645 3384 848 3476 resupinare
866 3383 943 3455 vult
957 3408 1077 3480 aeger,
1100 3407 1195 3482 qnae

169 3506 290 3578 omnia
303 3508 494 3580 comitatur
514 3509 624 3582 lebris
642 3506 828 3603 synoohus.
874 3509 1194 3606 Prorumpentibus

170 3631 314 3704 rariolis
344 3632 458 3726 primo
485 3632 633 3704 excitari
660 3632 900 3727 pruriginem,
928 3642 1012 3704 'tum
1040 3637 1199 3730 eonspioi

168 3755 345 3850 quaedam
369 3757 469 3828 volut
492 3777 622 3827 aeuum
640 3757 775 3850 eapite,
799 3757 899 3827 milio
919 3755 1067 3836 similia.
1090 3758 1195 3830 dein·

170 3879 216 3950 de
239 3877 332 3952 loros
356 3881 498 3974 prodire
528 3892 566 3953 et
592 3903 680 3976 pure
709 3880 869 3974 impleri,
893 3892 1016 3974 posteo
1035 3882 1192 3977 depleri,

171 4001 303 4082 dehine
330 4007 557 4080 rersioolores
581 4017 716 4080 emotas
743 4003 895 4086 oboriri,
919 4015 1097 4100 postremo
1127 4005 1193 4080 de·
1308 4036 1312 4041 ·
