2900 4874
256 381 300 478 'aa
447 411 455 426 ’
564 377 979 461 cars1rrrts.

259 547 365 661 noso,
382 555 535 673 'psorica'
547 579 783 658 Graecorum,
802 578 927 647 eadem
946 599 1038 671 quae
1056 575 1170 671 Lepra
1180 559 1285 670 Tyria

256 715 367 774 'antea
385 715 523 780 notata,
549 713 587 771 et
607 703 842 773 Romanorum
862 711 1052 792 mentagra.

308 827 433 898 Pestes
451 828 496 896 ab
520 827 686 898 Hunno
711 827 842 896 relatae
862 845 1035 917 quaeque
1049 823 1095 892 ad
1114 822 1209 892 hanc
1223 845 1285 915 pe-

261 949 401 1019 riodum
442 950 640 1042 pertinent:
677 949 883 1028 Antonine,
924 945 1140 1041 Cyprianea,
1174 945 1284 1018 lusti·

260 1053 389 1142 niauea
412 1071 578 1142 ridentur
609 1096 651 1142 ex
672 1073 787 1145 Pestis
816 1070 1007 1143 Orientalis
1032 1081 1069 1138 et
1089 1068 1286 1164 Erysipela·

259 1179 309 1264 tis
337 1198 453 1286 graeei
484 1196 662 1266 connubio
691 1195 914 1290 provenisse,
944 1216 1041 1265 nunc
1075 1193 1154 1275 illa,
1187 1215 1285 1262 nune

150 1337 158 1347 ·
251 1318 331 1388 boc
363 1319 586 1412 praevalente
613 1321 800 1413 variasque
831 1317 1035 1413 proferente
1061 1315 1211 1396 formas,
1240 1327 1285 1386 ut

255 1441 331 1533 jam
359 1442 428 1511 luis
453 1441 672 1548 inguinariae
702 1465 824 1535 parum
855 1442 1041 1521 evolutae,
1069 1440 1145 1534 jam
1165 1441 1286 1513 vario·
1412 1515 1417 1520 ,

258 1566 325 1636 losi
348 1565 604 1636 eranthematir
626 1566 780 1660 speciem
802 1564 985 1635 haberent

539 1830 994 1908 Qurrsrronus.

305 2066 336 2136 Ι.
376 2065 613 2157 Quamobrem
631 2067 668 2134 in
681 2067 820 2159 scriptis
832 2052 1090 2159 Hippocraticis
1104 2067 1209 2137 toties
1228 2067 1284 2140 le-

248 2225 255 2240 =
293 2213 296 2222 ·
374 2188 447 2258 bris
468 2188 510 2258 fit
528 2187 690 2258 mentio?

286 2312 339 2383 Il.
376 2312 472 2409 Quid
491 2313 716 2382 statuenduru
735 2311 828 2381 circa
849 2310 1087 2381 characterem
1108 2313 1284 2408 nosologi·

375 2459 456 2504 curn
477 2435 679 2506 morborum
705 2445 889 2505 acutorum
913 2435 950 2504 in
971 2433 1119 2506 Graecia
1131 2435 1163 2512 Ρ.

201 2576 204 2582 '
272 2559 335 2630 III
374 2559 454 2650 Quo
470 2559 612 2628 nomine
631 2583 652 2628 a
669 2581 775 2628 causo
794 2581 878 2630 vero
908 2557 1031 2628 differt
1051 2580 1176 2629 causus
1197 2581 1284 2652 spu·

372 2684 446 2753 rins
470 2683 657 2754 veterum?

276 2801 340 2876 IV.
378 2779 499 2894 Qualis
532 2805 603 2875 luit
635 2807 797 2898 cognatio
830 2806 1018 2875 humorum
1056 2804 1281 2898 pathologiae

371 2941 591 3021 naturaeque
617 2928 818 2999 morborum
840 2929 878 2996 in
900 2927 1074 2998 Graecia?

290 3050 333 3124 V.
372 3052 487 3122 Pestis
506 3049 773 3142 Thucydidem,
792 3045 1063 3124 Constitutionis
1081 3049 1281 3144 pestilentis

240 3193 245 3200 ·
372 3174 466 3268 apud
490 3173 744 3244 Hrrrocrrareu
765 3198 846 3244 cum
867 3176 972 3246 Peste
999 3175 1155 3247 Orientis
1177 3176 1279 3248 inati-

371 3306 493 3366 tuatur
518 3298 743 3388 comparatio.

273 3417 338 3491 Vl.
371 3417 576 3510 Exponatur
595 3419 784 3490 discrimen
803 3421 938 3515 leprae
963 3437 1000 3494 et
1020 3423 1279 3517 Elephantiasis

371 3536 588 3613 Graecorum
609 3565 630 3610 a
648 3543 761 3634 Lepre
786 3557 824 3615 et
844 3546 1091 3640 ‘Elephantiasi
1116 3546 1280 3624 Orienta-

368 3665 465 3742 lium.
