2834 4874
230 379 287 446 112
453 379 644 442 TYPHUS
685 369 1041 442 PETECHIALIS

226 558 427 642 invaserat,
464 561 622 632 extitisse
655 559 753 628 hunc
780 559 929 653 typhum
957 557 1192 651 peteehielem
1219 551 1269 630 ἔτι

226 687 296 760 hnc
323 684 449 756 mundi
472 695 572 778 parte
602 682 808 764 adfirmant,
833 693 957 776 postea
977 705 998 752 a
1021 693 1122 773 peste
1139 683 1260 776 ingui-

226 813 326 884 naria
345 811 547 903 expulsum,
572 808 716 880 tandem
737 830 820 877 vero
845 818 925 899 post
944 805 1040 874 mille
1065 827 1177 874 annos
1203 829 1262 876 ree

227 937 375 1017 ducem,
402 933 495 1004 hanc
518 932 629 1025 ipsam
649 955 691 1000 er
710 931 851 1021 Europa
869 927 1073 1023 expulsisse.

239 1143 243 1150 ¹
274 1055 497 1152 Perspicitis,
522 1055 674 1126 multum
696 1055 790 1124 inter
814 1077 851 1124 se
875 1052 921 1124 de
947 1051 1017 1122 hoc
1041 1051 1166 1124 morbo
1190 1051 1264 1124 dis⁴

230 1183 362 1260 sentire
384 1187 565 1253 auctores,
590 1200 708 1271 neque
729 1177 1006 1248 auctoritatibus
1021 1177 1265 1269 ponderandis

162 1315 166 1325 '
229 1311 335 1400 litem
349 1302 467 1385 dirimi
484 1318 606 1396 posse
644 1300 787 1372 Idcirco
805 1300 1019 1394 praestabit,
1044 1323 1118 1370 rem
1138 1301 1261 1393 paullo

230 1433 336 1502 altius
355 1439 539 1521 repetere,
564 1436 605 1496 ut
624 1423 714 1519 quid
734 1425 877 1495 demum
898 1423 943 1495 dc
968 1445 1012 1494 ca
1029 1424 1264 1496 sumendum

230 1557 295 1635 sit,
320 1551 526 1624 efficiamus.

280 1680 318 1758 si
340 1698 544 1773 processum
570 1682 720 1744 naturae
739 1673 924 1764 organicae
950 1671 1174 1754 intueamur,
1197 1670 1264 1761 dea

231 1801 504 1900 prehendimus,
530 1810 631 1893 typos
657 1818 733 1870 esse
755 1809 793 1866 et
813 1796 1025 1890 exemplario
1049 1816 1189 1878 rerum,
1214 1796 1264 1866 ad

232 1951 325 2024 quae
355 1935 484 1996 cuncta
515 1921 618 2016 fingit
641 1934 679 1992 et
705 1920 906 2016 componit:
943 1921 995 1994 ita
1020 1919 1155 1990 utalia
1180 1931 1263 2014 post

233 2051 302 2122 alia
320 2071 395 2118 sese
414 2044 608 2138 explicent,
635 2068 677 2116 ac
696 2067 880 2116 commune
898 2040 1040 2112 schema
1057 2045 1169 2136 magis
1186 2067 1263 2114 ma·

235 2175 358 2268 gisque
387 2167 605 2264 perficiatur.
653 2169 699 2238 In
729 2166 919 2259 emhryone
952 2167 1064 2260 primo
1094 2167 1264 2238 ⁴animulis

236 2299 370 2376 forma,
400 2291 532 2364 deinde
564 2316 695 2385 genus,
729 2292 872 2362 taudem
906 2289 1041 2383 species
1074 2290 1262 2362 manifesta

236 2436 311 2504 est,
328 2421 454 2492 ultimo
470 2416 698 2488 individuum
719 2413 1039 2494 circumscribitur,
1061 2387 1262 2508 cujus'vul-

234 2560 294 2634 tus
313 2556 350 2616 et
376 2542 484 2612 iacies
509 2540 652 2610 tandem
674 2537 923 2632 aparentibus
943 2537 1051 2608 etiam
1074 2550 1111 2608 et
1135 2562 1262 2632 cogua-

236 2663 283 2740 'us
302 2665 574 2758 discrepantiam
603 2664 807 2732 ostendunt.
856 2663 957 2732 Hanc
982 2685 1127 2757 quoque
1147 2664 1262 2756 legem

235 2794 276 2869 in
299 2787 496 2862 evolvenda
521 2788 612 2858 serie
635 2786 800 2880 organica
829 2784 1032 2856 morborum
1064 2797 1192 2858 natura
1211 2812 1262 2858 se-

237 2917 302 3012 qui
323 2912 476 2986 ridetur.
510 2911 589 2983 Jam
609 2914 638 2984 si
656 2934 844 3006 ponamus,
869 2908 908 2978 in
924 2920 1024 3002 peste
1046 2911 1262 3004 primordiali

237 3064 332 3136 quae
363 3040 452 3120 tutore
482 3036 627 3107 nomine
660 3034 825 3128 generico
861 3031 936 3102 dici
974 3033 1066 3125 solet
1079 3083 1092 3116 ,
1120 3036 1265 3108 latuisse

238 3164 440 3238 morborum
469 3158 713 3254 pestilentium
744 3155 902 3227 omnium
925 3156 1101 3251 principia
1132 3133 1169 3229 et
1196 3161 1263 3230 ele-

240 3301 375 3376 menta,
401 3311 444 3357 er
462 3307 505 3354 ca
525 3295 693 3376 tanquam
711 3281 889 3361 communi
911 3293 1061 3374 parente
1088 3281 1264 3376 proiectus

240 3439 317 3488 esse
335 3410 449 3485 aerias
466 3405 621 3504 pestium
639 3402 795 3498 speeies,
821 3405 998 3497 conjicere
1016 3404 1163 3476 forsitan
1181 3408 1264 3478 tice·

239 3539 307 3632 bit.

239 3729 245 3740 ,
287 3661 387 3733 Haec
417 3663 537 3726 sutem
562 3648 768 3746 hypothesis
799 3648 897 3745 quod
923 3647 1069 3725 minime
1101 3674 1192 3724 vane
1221 3653 1265 3728 sit

232 3788 294 3856 ¹rei
322 3781 475 3876 species,
507 3779 583 3872 ipsa
612 3776 817 3848 morborum
845 3776 1090 3870 pestilentium
1120 3778 1266 3848 odcuro

241 3908 310 3982 tior
332 3903 512 3998 indagatio
532 3900 689 3974 docebit.
723 3901 806 3994 Ipse
826 3901 971 3972 Herses
989 3902 1181 3972 multorum
1196 3925 1268 3972 me-

242 4033 404 4106 dicorum
427 4026 676 4106 observatione
699 4013 909 4098 constitisse¹
931 4025 1059 4110 refert,
1096 4049 1169 4098 non
1187 4037 1274 4099 tan·
1405 4012 1411 4031 ¹
