<?xml version="1.0" encoding="UTF-8"?>
<!DOCTYPE html PUBLIC "-//W3C//DTD XHTML 1.0 Transitional//EN"
    "http://www.w3.org/TR/xhtml1/DTD/xhtml1-transitional.dtd">
<html xmlns="http://www.w3.org/1999/xhtml" xml:lang="en" lang="en">
 <head>
  <title>
</title>
<meta http-equiv="Content-Type" content="text/html;charset=utf-8" />
  <meta name='ocr-system' content='tesseract 3.04.00' />
  <meta name='ocr-capabilities' content='ocr_page ocr_carea ocr_par ocr_line ocrx_word'/>
</head>
<body>
  <div class='ocr_page' id='page_1' title='image "./dehistoriamorbo00hoevgoog_0031.png"; bbox 0 0 2900 4874; ppageno 0'>
   <div class='ocr_carea' id='block_1_1' title="bbox 248 384 975 460">
    <p class='ocr_par' dir='ltr' id='par_1_1' title="bbox 248 384 975 460">
     <span class='ocr_line' id='line_1_1' title="bbox 248 384 975 460; baseline -0.014 -1"><span class='ocrx_word' id='word_1_1' title='bbox 248 387 286 460; x_wconf 82' lang='lat' dir='ltr'><strong>u</strong></span> <span class='ocrx_word' id='word_1_2' title='bbox 594 384 975 450; x_wconf 70' lang='lat' dir='ltr'><strong>victorin·</strong></span> 
     </span>
    </p>
   </div>
   <div class='ocr_carea' id='block_1_2' title="bbox 243 559 1364 4132">
    <p class='ocr_par' dir='ltr' id='par_1_2' title="bbox 243 559 1273 2408">
     <span class='ocr_line' id='line_1_2' title="bbox 248 559 1269 662; baseline -0.006 -12"><span class='ocrx_word' id='word_1_3' title='bbox 248 566 385 650; x_wconf 63' lang='lat' dir='ltr'><strong>sidere:</strong></span> <span class='ocrx_word' id='word_1_4' title='bbox 427 565 603 640; x_wconf 89' lang='lat' dir='ltr'><strong>llorbillos</strong></span> <span class='ocrx_word' id='word_1_5' title='bbox 627 591 710 644; x_wconf 83' lang='lat' dir='ltr'><strong>esse.</strong></span> <span class='ocrx_word' id='word_1_6' title='bbox 728 573 829 662; x_wconf 85' lang='lat' dir='ltr'><strong>quasi</strong></span> <span class='ocrx_word' id='word_1_7' title='bbox 849 569 999 640; x_wconf 81' lang='lat' dir='ltr'><strong>variolas</strong></span> <span class='ocrx_word' id='word_1_8' title='bbox 1017 570 1174 641; x_wconf 82' lang='lat' dir='ltr'><strong>&#39;biliosa&#39;s</strong></span> <span class='ocrx_word' id='word_1_9' title='bbox 1196 561 1200 568; x_wconf 47' lang='lat'><strong>⁴</strong></span> <span class='ocrx_word' id='word_1_10' title='bbox 1225 559 1269 644; x_wconf 80' lang='lat' dir='ltr'><strong>ln</strong></span> 
     </span>
     <span class='ocr_line' id='line_1_3' title="bbox 246 673 1269 798; baseline -0.004 -26"><span class='ocrx_word' id='word_1_11' title='bbox 246 702 424 798; x_wconf 84' lang='lat' dir='ltr'><strong>plerisque</strong></span> <span class='ocrx_word' id='word_1_12' title='bbox 448 695 585 763; x_wconf 89' lang='lat' dir='ltr'><strong>nullum</strong></span> <span class='ocrx_word' id='word_1_13' title='bbox 612 673 689 762; x_wconf 84' lang='lat' dir='ltr'><strong>esse</strong></span> <span class='ocrx_word' id='word_1_14' title='bbox 707 693 810 762; x_wconf 79' lang='lat' dir='ltr'><strong>&#39;inter</strong></span> <span class='ocrx_word' id='word_1_15' title='bbox 838 694 931 785; x_wconf 79' lang='lat' dir='ltr'><strong>ipsos</strong></span> <span class='ocrx_word' id='word_1_16' title='bbox 956 695 1156 768; x_wconf 76' lang='lat' dir='ltr'><strong>discrimen.</strong></span> <span class='ocrx_word' id='word_1_17' title='bbox 1206 699 1269 769; x_wconf 87' lang='lat' dir='ltr'><strong>So·</strong></span> 
     </span>
     <span class='ocr_line' id='line_1_4' title="bbox 245 814 1270 908; baseline -0.009 -10"><span class='ocrx_word' id='word_1_18' title='bbox 245 831 320 898; x_wconf 90' lang='lat' dir='ltr'><strong>lum</strong></span> <span class='ocrx_word' id='word_1_19' title='bbox 343 825 416 893; x_wconf 79' lang='lat' dir='ltr'><strong>¹hoc</strong></span> <span class='ocrx_word' id='word_1_20' title='bbox 437 821 629 896; x_wconf 80' lang='lat' dir='ltr'><strong>interesse,</strong></span> <span class='ocrx_word' id='word_1_21' title='bbox 653 817 751 908; x_wconf 89' lang='lat' dir='ltr'><strong>quod</strong></span> <span class='ocrx_word' id='word_1_22' title='bbox 771 814 925 887; x_wconf 87' lang='lat' dir='ltr'><strong>morbilli</strong></span> <span class='ocrx_word' id='word_1_23' title='bbox 943 820 1014 888; x_wconf 86' lang='lat' dir='ltr'><strong>sint</strong></span> <span class='ocrx_word' id='word_1_24' title='bbox 1041 820 1178 902; x_wconf 77' lang='lat' dir='ltr'><strong>uitiosi,</strong></span> <span class='ocrx_word' id='word_1_25' title='bbox 1204 822 1270 904; x_wconf 84' lang='lat' dir='ltr'><strong>mi-</strong></span> 
     </span>
     <span class='ocr_line' id='line_1_5' title="bbox 246 939 1270 1042; baseline -0.005 -22"><span class='ocrx_word' id='word_1_26' title='bbox 246 945 413 1042; x_wconf 73' lang='lat' dir='ltr'><strong>necisque</strong></span> <span class='ocrx_word' id='word_1_27' title='bbox 436 941 624 1020; x_wconf 79' lang='lat' dir='ltr'><strong>momenti,</strong></span> <span class='ocrx_word' id='word_1_28' title='bbox 656 939 734 1011; x_wconf 84' lang='lat' dir='ltr'><strong>lere</strong></span> <span class='ocrx_word' id='word_1_29' title='bbox 756 941 868 1010; x_wconf 87' lang='lat' dir='ltr'><strong>cutim</strong></span> <span class='ocrx_word' id='word_1_30' title='bbox 887 963 960 1011; x_wconf 92' lang='lat' dir='ltr'><strong>non</strong></span> <span class='ocrx_word' id='word_1_31' title='bbox 984 953 1186 1026; x_wconf 85' lang='lat' dir='ltr'><strong>transeant,</strong></span> <span class='ocrx_word' id='word_1_32' title='bbox 1210 968 1270 1014; x_wconf 88' lang='lat' dir='ltr'><strong>ue·</strong></span> 
     </span>
     <span class='ocr_line' id='line_1_6' title="bbox 247 1061 1269 1170; baseline -0.006 -27"><span class='ocrx_word' id='word_1_33' title='bbox 247 1096 318 1170; x_wconf 88' lang='lat' dir='ltr'><strong>que</strong></span> <span class='ocrx_word' id='word_1_34' title='bbox 346 1061 391 1142; x_wconf 75' lang='lat' dir='ltr'><strong>inl</strong></span> <span class='ocrx_word' id='word_1_35' title='bbox 414 1065 655 1138; x_wconf 78' lang='lat' dir='ltr'><strong>altitudinem</strong></span> <span class='ocrx_word' id='word_1_36' title='bbox 669 1063 860 1156; x_wconf 74' lang='lat' dir='ltr'><strong>adsurgunt</strong></span> <span class='ocrx_word' id='word_1_37' title='bbox 888 1079 1084 1138; x_wconf 87' lang='lat' dir='ltr'><strong>memoratu</strong></span> <span class='ocrx_word' id='word_1_38' title='bbox 1107 1068 1269 1161; x_wconf 86' lang='lat' dir='ltr'><strong>dignam,</strong></span> 
     </span>
     <span class='ocr_line' id='line_1_7' title="bbox 245 1180 1273 1296; baseline -0.02 -27"><span class='ocrx_word' id='word_1_39' title='bbox 245 1192 451 1296; x_wconf 77' lang='lat' dir='ltr'><strong>praesertim</strong></span> <span class='ocrx_word' id='word_1_40' title='bbox 482 1211 547 1284; x_wconf 86' lang='lat' dir='ltr'><strong>per</strong></span> <span class='ocrx_word' id='word_1_41' title='bbox 574 1180 710 1258; x_wconf 79' lang='lat' dir='ltr'><strong>initiu&#39;</strong></span> <span class='ocrx_word' id='word_1_42' title='bbox 736 1185 896 1260; x_wconf 85' lang='lat' dir='ltr'><strong>Variolas</strong></span> <span class='ocrx_word' id='word_1_43' title='bbox 921 1189 1025 1262; x_wconf 87' lang='lat' dir='ltr'><strong>simul</strong></span> <span class='ocrx_word' id='word_1_44' title='bbox 1055 1205 1164 1287; x_wconf 72' lang='lat' dir='ltr'><strong>atquo</strong></span> <span class='ocrx_word' id='word_1_45' title='bbox 1190 1216 1273 1286; x_wconf 72' lang='lat' dir='ltr'><strong>pro.</strong></span> 
     </span>
     <span class='ocr_line' id='line_1_8' title="bbox 246 1311 1271 1407; baseline -0.01 -13"><span class='ocrx_word' id='word_1_46' title='bbox 246 1313 376 1401; x_wconf 85' lang='lat' dir='ltr'><strong>deant,</strong></span> <span class='ocrx_word' id='word_1_47' title='bbox 413 1315 568 1387; x_wconf 85' lang='lat' dir='ltr'><strong>eminere</strong></span> <span class='ocrx_word' id='word_1_48' title='bbox 597 1323 707 1407; x_wconf 82' lang='lat' dir='ltr'><strong>atque</strong></span> <span class='ocrx_word' id='word_1_49' title='bbox 735 1314 774 1384; x_wconf 89' lang='lat' dir='ltr'><strong>in</strong></span> <span class='ocrx_word' id='word_1_50' title='bbox 804 1311 915 1384; x_wconf 82' lang='lat' dir='ltr'><strong>altum</strong></span> <span class='ocrx_word' id='word_1_51' title='bbox 946 1313 1033 1394; x_wconf 87' lang='lat' dir='ltr'><strong>tolli.</strong></span> <span class='ocrx_word' id='word_1_52' title='bbox 1081 1316 1271 1386; x_wconf 85' lang='lat' dir='ltr'><strong>Praeterea</strong></span> 
     </span>
     <span class='ocr_line' id='line_1_9' title="bbox 246 1436 1272 1532; baseline -0.012 -14"><span class='ocrx_word' id='word_1_53' title='bbox 246 1443 426 1518; x_wconf 86' lang='lat' dir='ltr'><strong>morbill&#39;os</strong></span> <span class='ocrx_word' id='word_1_54' title='bbox 458 1455 534 1510; x_wconf 85' lang='lat' dir='ltr'><strong>csse</strong></span> <span class='ocrx_word' id='word_1_55' title='bbox 566 1436 730 1507; x_wconf 76' lang='lat' dir='ltr'><strong>rariores</strong></span> <span class='ocrx_word' id='word_1_56' title='bbox 743 1439 885 1510; x_wconf 77' lang='lat' dir='ltr'><strong>uariolis</strong></span> <span class='ocrx_word' id='word_1_57' title='bbox 924 1441 1113 1532; x_wconf 85' lang='lat' dir='ltr'><strong>minusque</strong></span> <span class='ocrx_word' id='word_1_58' title='bbox 1150 1438 1272 1506; x_wconf 85' lang='lat' dir='ltr'><strong>oculos</strong></span> 
     </span>
     <span class='ocr_line' id='line_1_10' title="bbox 244 1563 1271 1656; baseline -0.012 -14"><span class='ocrx_word' id='word_1_59' title='bbox 244 1569 424 1644; x_wconf 80' lang='lat' dir='ltr'><strong>infestare.</strong></span> <span class='ocrx_word' id='word_1_60' title='bbox 461 1565 580 1656; x_wconf 81' lang='lat' dir='ltr'><strong>&#39;Signa</strong></span> <span class='ocrx_word' id='word_1_61' title='bbox 598 1571 805 1653; x_wconf 89' lang='lat' dir='ltr'><strong>eruptorum</strong></span> <span class='ocrx_word' id='word_1_62' title='bbox 819 1563 1059 1633; x_wconf 88' lang='lat' dir='ltr'><strong>morbillorum</strong></span> <span class='ocrx_word' id='word_1_63' title='bbox 1081 1585 1194 1654; x_wconf 88' lang='lat' dir='ltr'><strong>paene</strong></span> <span class='ocrx_word' id='word_1_64' title='bbox 1218 1573 1271 1630; x_wconf 87' lang='lat' dir='ltr'><strong>te·</strong></span> 
     </span>
     <span class='ocr_line' id='line_1_11' title="bbox 243 1684 1271 1784; baseline -0.013 -18"><span class='ocrx_word' id='word_1_65' title='bbox 243 1697 293 1766; x_wconf 92' lang='lat' dir='ltr'><strong>lia</strong></span> <span class='ocrx_word' id='word_1_66' title='bbox 310 1715 405 1772; x_wconf 82' lang='lat' dir='ltr'><strong>esec,</strong></span> <span class='ocrx_word' id='word_1_67' title='bbox 429 1690 548 1784; x_wconf 86' lang='lat' dir='ltr'><strong>qualia</strong></span> <span class='ocrx_word' id='word_1_68' title='bbox 572 1685 779 1758; x_wconf 78' lang='lat' dir='ltr'><strong>variolarum</strong></span> <span class='ocrx_word' id='word_1_69' title='bbox 792 1713 800 1754; x_wconf 75' lang='grc' dir='ltr'><strong><em>ε</em></strong></span> <span class='ocrx_word' id='word_1_70' title='bbox 813 1686 890 1757; x_wconf 80' lang='lat' dir='ltr'><strong>&#39;sed</strong></span> <span class='ocrx_word' id='word_1_71' title='bbox 903 1684 943 1756; x_wconf 90' lang='lat' dir='ltr'><strong>in</strong></span> <span class='ocrx_word' id='word_1_72' title='bbox 962 1686 1033 1754; x_wconf 87' lang='lat' dir='ltr'><strong>illis</strong></span> <span class='ocrx_word' id='word_1_73' title='bbox 1050 1685 1159 1777; x_wconf 84' lang='lat' dir='ltr'><strong>magis</strong></span> <span class='ocrx_word' id='word_1_74' title='bbox 1188 1685 1271 1754; x_wconf 88' lang='lat' dir='ltr'><strong>sub·</strong></span> 
     </span>
     <span class='ocr_line' id='line_1_12' title="bbox 245 1801 1268 1905; baseline -0.014 -13"><span class='ocrx_word' id='word_1_75' title='bbox 245 1822 353 1892; x_wconf 77' lang='lat' dir='ltr'><strong>verti·</strong></span> <span class='ocrx_word' id='word_1_76' title='bbox 367 1801 607 1888; x_wconf 77' lang='lat' dir='ltr'><strong>ventriculum</strong></span> <span class='ocrx_word' id='word_1_77' title='bbox 636 1810 919 1905; x_wconf 79' lang='lat' dir='ltr'><strong>anxietatemque</strong></span> <span class='ocrx_word' id='word_1_78' title='bbox 940 1820 978 1879; x_wconf 88' lang='lat' dir='ltr'><strong>et</strong></span> <span class='ocrx_word' id='word_1_79' title='bbox 1008 1809 1165 1880; x_wconf 78' lang='lat' dir='ltr'><strong>dolorem</strong></span> <span class='ocrx_word' id='word_1_80' title='bbox 1191 1831 1268 1878; x_wconf 87' lang='lat' dir='ltr'><strong>esse</strong></span> 
     </span>
     <span class='ocr_line' id='line_1_13' title="bbox 246 1932 1270 2020; baseline -0.013 -7"><span class='ocrx_word' id='word_1_81' title='bbox 246 1939 547 2020; x_wconf 63' lang='lat' dir='ltr'><strong>vehementiorem</strong></span> <span class='ocrx_word' id='word_1_82' title='bbox 571 1934 728 2004; x_wconf 72' lang='lat' dir='ltr'><strong>dolomm</strong></span> <span class='ocrx_word' id='word_1_83' title='bbox 749 1953 833 2004; x_wconf 87' lang='lat' dir='ltr'><strong>vero</strong></span> <span class='ocrx_word' id='word_1_84' title='bbox 849 1932 947 2002; x_wconf 86' lang='lat' dir='ltr'><strong>dorsi</strong></span> <span class='ocrx_word' id='word_1_85' title='bbox 967 1936 1153 2003; x_wconf 82' lang='lat' dir='ltr'><strong>mitiorem.</strong></span> <span class='ocrx_word' id='word_1_86' title='bbox 1180 1934 1270 2002; x_wconf 87' lang='lat' dir='ltr'><strong>Mor·</strong></span> 
     </span>
     <span class='ocr_line' id='line_1_14' title="bbox 245 2057 1270 2153; baseline -0.013 -17"><span class='ocrx_word' id='word_1_87' title='bbox 245 2067 349 2136; x_wconf 87' lang='lat' dir='ltr'><strong>billos</strong></span> <span class='ocrx_word' id='word_1_88' title='bbox 380 2060 535 2153; x_wconf 86' lang='lat' dir='ltr'><strong>denique</strong></span> <span class='ocrx_word' id='word_1_89' title='bbox 568 2057 801 2149; x_wconf 81' lang='lat' dir='ltr'><strong>utplurimum</strong></span> <span class='ocrx_word' id='word_1_90' title='bbox 835 2057 1019 2126; x_wconf 82' lang='lat' dir='ltr'><strong>confertim</strong></span> <span class='ocrx_word' id='word_1_91' title='bbox 1051 2068 1160 2150; x_wconf 86' lang='lat' dir='ltr'><strong>atque</strong></span> <span class='ocrx_word' id='word_1_92' title='bbox 1197 2079 1270 2124; x_wconf 91' lang='lat' dir='ltr'><strong>uuo</strong></span> 
     </span>
     <span class='ocr_line' id='line_1_15' title="bbox 246 2180 1269 2283; baseline -0.01 -24"><span class='ocrx_word' id='word_1_93' title='bbox 246 2191 383 2283; x_wconf 84' lang='lat' dir='ltr'><strong>impetu</strong></span> <span class='ocrx_word' id='word_1_94' title='bbox 410 2183 650 2269; x_wconf 84' lang='lat' dir='ltr'><strong>efflorescere;</strong></span> <span class='ocrx_word' id='word_1_95' title='bbox 686 2180 835 2250; x_wconf 85' lang='lat' dir='ltr'><strong>variolas</strong></span> <span class='ocrx_word' id='word_1_96' title='bbox 870 2191 993 2251; x_wconf 85' lang='lat' dir='ltr'><strong>contra</strong></span> <span class='ocrx_word' id='word_1_97' title='bbox 1022 2180 1151 2252; x_wconf 87' lang='lat' dir='ltr'><strong>sensim</strong></span> <span class='ocrx_word' id='word_1_98' title='bbox 1179 2202 1269 2251; x_wconf 87' lang='lat' dir='ltr'><strong>unas</strong></span> 
     </span>
     <span class='ocr_line' id='line_1_16' title="bbox 244 2312 439 2408; baseline -0.026 -26"><span class='ocrx_word' id='word_1_99' title='bbox 244 2312 439 2408; x_wconf 78' lang='lat' dir='ltr'><strong>poetelius.</strong></span> 
     </span>
    </p>

    <p class='ocr_par' dir='ltr' id='par_1_3' title="bbox 246 2413 1364 4132">
     <span class='ocr_line' id='line_1_17' title="bbox 251 2413 1271 2522; baseline -0.007 -17"><span class='ocrx_word' id='word_1_100' title='bbox 251 2469 258 2476; x_wconf 93' lang='lat'>·</span> <span class='ocrx_word' id='word_1_101' title='bbox 292 2436 370 2505; x_wconf 86' lang='lat' dir='ltr'><strong>llac</strong></span> <span class='ocrx_word' id='word_1_102' title='bbox 392 2427 541 2502; x_wconf 87' lang='lat' dir='ltr'><strong>historia</strong></span> <span class='ocrx_word' id='word_1_103' title='bbox 561 2413 745 2505; x_wconf 85' lang='lat' dir='ltr'><strong>doeemur.</strong></span> <span class='ocrx_word' id='word_1_104' title='bbox 772 2429 869 2522; x_wconf 91' lang='lat' dir='ltr'><strong>quod</strong></span> <span class='ocrx_word' id='word_1_105' title='bbox 892 2427 938 2499; x_wconf 88' lang='lat' dir='ltr'><strong>de</strong></span> <span class='ocrx_word' id='word_1_106' title='bbox 954 2438 1056 2522; x_wconf 89' lang='lat' dir='ltr'><strong>peste</strong></span> <span class='ocrx_word' id='word_1_107' title='bbox 1076 2427 1174 2522; x_wconf 88' lang='lat' dir='ltr'><strong>prius</strong></span> <span class='ocrx_word' id='word_1_108' title='bbox 1188 2447 1271 2498; x_wconf 33' lang='lat' dir='ltr'><strong>rmo-</strong></span> 
     </span>
     <span class='ocr_line' id='line_1_18' title="bbox 246 2551 1273 2637; baseline -0.01 -7"><span class='ocrx_word' id='word_1_109' title='bbox 246 2559 406 2637; x_wconf 88' lang='lat' dir='ltr'><strong>nuimus,</strong></span> <span class='ocrx_word' id='word_1_110' title='bbox 438 2553 542 2623; x_wconf 87' lang='lat' dir='ltr'><strong>initio</strong></span> <span class='ocrx_word' id='word_1_111' title='bbox 567 2553 682 2623; x_wconf 90' lang='lat' dir='ltr'><strong>minus</strong></span> <span class='ocrx_word' id='word_1_112' title='bbox 713 2553 883 2624; x_wconf 84' lang='lat' dir='ltr'><strong>discretas</strong></span> <span class='ocrx_word' id='word_1_113' title='bbox 911 2551 1020 2622; x_wconf 88' lang='lat' dir='ltr'><strong>luisse</strong></span> <span class='ocrx_word' id='word_1_114' title='bbox 1048 2551 1273 2622; x_wconf 59' lang='lat' dir='ltr'><strong>exanthemas</strong></span> 
     </span>
     <span class='ocr_line' id='line_1_19' title="bbox 247 2675 1272 2770; baseline -0.01 -15"><span class='ocrx_word' id='word_1_115' title='bbox 247 2695 326 2755; x_wconf 89' lang='lat' dir='ltr'><strong>tum</strong></span> <span class='ocrx_word' id='word_1_116' title='bbox 349 2677 528 2750; x_wconf 88' lang='lat' dir='ltr'><strong>lebrilium</strong></span> <span class='ocrx_word' id='word_1_117' title='bbox 553 2675 701 2758; x_wconf 82' lang='lat' dir='ltr'><strong>formas,</strong></span> <span class='ocrx_word' id='word_1_118' title='bbox 728 2699 850 2747; x_wconf 87' lang='lat' dir='ltr'><strong>verum</strong></span> <span class='ocrx_word' id='word_1_119' title='bbox 881 2695 1065 2747; x_wconf 86' lang='lat' dir='ltr'><strong>commune</strong></span> <span class='ocrx_word' id='word_1_120' title='bbox 1091 2675 1272 2770; x_wconf 87' lang='lat' dir='ltr'><strong>quoddam</strong></span> 
     </span>
     <span class='ocr_line' id='line_1_20' title="bbox 246 2787 1274 2895; baseline -0.006 -19"><span class='ocrx_word' id='word_1_121' title='bbox 246 2813 406 2876; x_wconf 80' lang='lat' dir='ltr'><strong>exortum</strong></span> <span class='ocrx_word' id='word_1_122' title='bbox 429 2823 505 2869; x_wconf 85' lang='lat' dir='ltr'><strong>esse</strong></span> <span class='ocrx_word' id='word_1_123' title='bbox 528 2800 790 2871; x_wconf 84' lang='lat' dir='ltr'><strong>exanthematis</strong></span> <span class='ocrx_word' id='word_1_124' title='bbox 814 2823 945 2892; x_wconf 85' lang='lat' dir='ltr'><strong>genus,</strong></span> <span class='ocrx_word' id='word_1_125' title='bbox 969 2787 1068 2895; x_wconf 84' lang='lat' dir='ltr'><strong>quod</strong></span> <span class='ocrx_word' id='word_1_126' title='bbox 1093 2808 1131 2870; x_wconf 89' lang='lat' dir='ltr'><strong>et</strong></span> <span class='ocrx_word' id='word_1_127' title='bbox 1155 2799 1274 2870; x_wconf 81' lang='lat' dir='ltr'><strong>rario-</strong></span> 
     </span>
     <span class='ocr_line' id='line_1_21' title="bbox 247 2922 1364 3016; baseline -0.007 -18"><span class='ocrx_word' id='word_1_128' title='bbox 247 2927 300 2998; x_wconf 88' lang='lat' dir='ltr'><strong>las</strong></span> <span class='ocrx_word' id='word_1_129' title='bbox 320 2935 359 2997; x_wconf 83' lang='lat' dir='ltr'><strong>et</strong></span> <span class='ocrx_word' id='word_1_130' title='bbox 377 2922 556 2993; x_wconf 88' lang='lat' dir='ltr'><strong>morbillos</strong></span> <span class='ocrx_word' id='word_1_131' title='bbox 576 2935 614 2995; x_wconf 88' lang='lat' dir='ltr'><strong>et</strong></span> <span class='ocrx_word' id='word_1_132' title='bbox 636 2924 857 2994; x_wconf 85' lang='lat' dir='ltr'><strong>scarlatinam</strong></span> <span class='ocrx_word' id='word_1_133' title='bbox 881 2925 1021 3016; x_wconf 89' lang='lat' dir='ltr'><strong>aliaque</strong></span> <span class='ocrx_word' id='word_1_134' title='bbox 1044 2922 1193 2994; x_wconf 82' lang='lat' dir='ltr'><strong>fortasse</strong></span> <span class='ocrx_word' id='word_1_135' title='bbox 1211 2946 1275 3015; x_wconf 59' lang='lat' dir='ltr'><strong>gea</strong></span> <span class='ocrx_word' id='word_1_136' title='bbox 1361 2943 1364 2948; x_wconf 66' lang='grc'>“</span> 
     </span>
     <span class='ocr_line' id='line_1_22' title="bbox 249 3045 1276 3141; baseline -0.008 -18"><span class='ocrx_word' id='word_1_137' title='bbox 249 3068 335 3122; x_wconf 84' lang='lat' dir='ltr'><strong>uera</strong></span> <span class='ocrx_word' id='word_1_138' title='bbox 355 3046 674 3140; x_wconf 74' lang='lat' dir='ltr'><strong>complectebatur,</strong></span> <span class='ocrx_word' id='word_1_139' title='bbox 700 3045 867 3138; x_wconf 84' lang='lat' dir='ltr'><strong>deinceps</strong></span> <span class='ocrx_word' id='word_1_140' title='bbox 892 3047 1028 3138; x_wconf 82' lang='lat' dir='ltr'><strong>singula</strong></span> <span class='ocrx_word' id='word_1_141' title='bbox 1046 3049 1157 3141; x_wconf 83' lang='lat' dir='ltr'><strong>magis</strong></span> <span class='ocrx_word' id='word_1_142' title='bbox 1176 3069 1276 3118; x_wconf 86' lang='lat' dir='ltr'><strong>scor·</strong></span> 
     </span>
     <span class='ocr_line' id='line_1_23' title="bbox 247 3169 1272 3264; baseline -0.009 -16"><span class='ocrx_word' id='word_1_143' title='bbox 247 3175 313 3249; x_wconf 73' lang='lat' dir='ltr'><strong>sim</strong></span> <span class='ocrx_word' id='word_1_144' title='bbox 341 3173 535 3251; x_wconf 84' lang='lat' dir='ltr'><strong>exstitisse,</strong></span> <span class='ocrx_word' id='word_1_145' title='bbox 569 3192 730 3264; x_wconf 84' lang='lat' dir='ltr'><strong>expressa</strong></span> <span class='ocrx_word' id='word_1_146' title='bbox 762 3171 889 3262; x_wconf 84' lang='lat' dir='ltr'><strong>magis,</strong></span> <span class='ocrx_word' id='word_1_147' title='bbox 915 3170 1077 3250; x_wconf 78' lang='lat' dir='ltr'><strong>evoluta,</strong></span> <span class='ocrx_word' id='word_1_148' title='bbox 1113 3169 1272 3242; x_wconf 71' lang='lat' dir='ltr'><strong>definitas</strong></span> 
     </span>
     <span class='ocr_line' id='line_1_24' title="bbox 253 3287 1275 3389; baseline -0.002 -25"><span class='ocrx_word' id='word_1_149' title='bbox 253 3343 258 3364; x_wconf 88' lang='lat'><strong>.</strong></span> <span class='ocrx_word' id='word_1_150' title='bbox 295 3298 446 3371; x_wconf 85' lang='lat' dir='ltr'><strong>Interim</strong></span> <span class='ocrx_word' id='word_1_151' title='bbox 472 3293 742 3367; x_wconf 87' lang='lat' dir='ltr'><strong>adsentiendum</strong></span> <span class='ocrx_word' id='word_1_152' title='bbox 771 3297 954 3375; x_wconf 67' lang='lat' dir='ltr'><strong>trassero,</strong></span> <span class='ocrx_word' id='word_1_153' title='bbox 982 3314 1197 3389; x_wconf 86' lang='lat' dir='ltr'><strong>quamquam</strong></span> <span class='ocrx_word' id='word_1_154' title='bbox 1217 3287 1275 3363; x_wconf 63' lang='lat' dir='ltr'><strong>el-³</strong></span> 
     </span>
     <span class='ocr_line' id='line_1_25' title="bbox 248 3416 1274 3513; baseline -0.007 -20"><span class='ocrx_word' id='word_1_155' title='bbox 248 3422 493 3493; x_wconf 87' lang='lat' dir='ltr'><strong>lloresoentiae</strong></span> <span class='ocrx_word' id='word_1_156' title='bbox 520 3416 741 3487; x_wconf 88' lang='lat' dir='ltr'><strong>morbillosae</strong></span> <span class='ocrx_word' id='word_1_157' title='bbox 762 3417 887 3509; x_wconf 84' lang='lat' dir='ltr'><strong>priscis</strong></span> <span class='ocrx_word' id='word_1_158' title='bbox 914 3418 1154 3488; x_wconf 88' lang='lat' dir='ltr'><strong>medicisnon</strong></span> <span class='ocrx_word' id='word_1_159' title='bbox 1172 3439 1274 3513; x_wconf 90' lang='lat' dir='ltr'><strong>pror·</strong></span> 
     </span>
     <span class='ocr_line' id='line_1_26' title="bbox 249 3531 1275 3638; baseline -0.006 -20"><span class='ocrx_word' id='word_1_160' title='bbox 249 3561 307 3618; x_wconf 79' lang='lat' dir='ltr'><strong>sus</strong></span> <span class='ocrx_word' id='word_1_161' title='bbox 331 3547 473 3638; x_wconf 83' lang='lat' dir='ltr'><strong>ignotae</strong></span> <span class='ocrx_word' id='word_1_162' title='bbox 500 3541 663 3621; x_wconf 88' lang='lat' dir='ltr'><strong>suerunt,</strong></span> <span class='ocrx_word' id='word_1_163' title='bbox 691 3531 818 3610; x_wconf 87' lang='lat' dir='ltr'><strong>tamen</strong></span> <span class='ocrx_word' id='word_1_164' title='bbox 839 3540 966 3610; x_wconf 81' lang='lat' dir='ltr'><strong>exinde</strong></span> <span class='ocrx_word' id='word_1_165' title='bbox 996 3541 1200 3618; x_wconf 86' lang='lat' dir='ltr'><strong>nullatcnus</strong></span> <span class='ocrx_word' id='word_1_166' title='bbox 1223 3537 1275 3612; x_wconf 59' lang='lat' dir='ltr'><strong>cl*</strong></span> 
     </span>
     <span class='ocr_line' id='line_1_27' title="bbox 248 3661 1273 3758; baseline -0.002 -20"><span class='ocrx_word' id='word_1_167' title='bbox 248 3667 328 3748; x_wconf 88' lang='lat' dir='ltr'><strong>fici,</strong></span> <span class='ocrx_word' id='word_1_168' title='bbox 353 3665 558 3758; x_wconf 79' lang='lat' dir='ltr'><strong>cognovisse</strong></span> <span class='ocrx_word' id='word_1_169' title='bbox 572 3661 674 3754; x_wconf 56' lang='lat' dir='ltr'><strong>«ipsos</strong></span> <span class='ocrx_word' id='word_1_170' title='bbox 700 3661 801 3732; x_wconf 93' lang='lat' dir='ltr'><strong>illum</strong></span> <span class='ocrx_word' id='word_1_171' title='bbox 822 3685 1023 3755; x_wconf 87' lang='lat' dir='ltr'><strong>processum</strong></span> <span class='ocrx_word' id='word_1_172' title='bbox 1045 3664 1273 3736; x_wconf 81' lang='lat' dir='ltr'><strong>exanthema-</strong></span> 
     </span>
     <span class='ocr_line' id='line_1_28' title="bbox 249 3789 1274 3883; baseline -0.003 -19"><span class='ocrx_word' id='word_1_173' title='bbox 249 3789 546 3883; x_wconf 52' lang='lat' dir='ltr'><strong>ticurnfquelem</strong></span> <span class='ocrx_word' id='word_1_174' title='bbox 576 3797 818 3880; x_wconf 82' lang='lat' dir='ltr'><strong>cognoverunt</strong></span> <span class='ocrx_word' id='word_1_175' title='bbox 845 3789 975 3858; x_wconf 87' lang='lat' dir='ltr'><strong>medici</strong></span> <span class='ocrx_word' id='word_1_176' title='bbox 1002 3791 1164 3860; x_wconf 88' lang='lat' dir='ltr'><strong>aseoulo</strong></span> <span class='ocrx_word' id='word_1_177' title='bbox 1187 3790 1274 3862; x_wconf 91' lang='lat' dir='ltr'><strong>inde</strong></span> 
     </span>
     <span class='ocr_line' id='line_1_29' title="bbox 251 3910 1274 4006; baseline -0.007 -15"><span class='ocrx_word' id='word_1_178' title='bbox 251 3941 368 3996; x_wconf 88' lang='lat' dir='ltr'><strong>nono,</strong></span> <span class='ocrx_word' id='word_1_179' title='bbox 393 3913 513 3983; x_wconf 86' lang='lat' dir='ltr'><strong>oculos</strong></span> <span class='ocrx_word' id='word_1_180' title='bbox 539 3910 699 4002; x_wconf 90' lang='lat' dir='ltr'><strong>inprimis</strong></span> <span class='ocrx_word' id='word_1_181' title='bbox 724 3911 951 4006; x_wconf 84' lang='lat' dir='ltr'><strong>spirandique</strong></span> <span class='ocrx_word' id='word_1_182' title='bbox 975 3935 1106 4006; x_wconf 84' lang='lat' dir='ltr'><strong>organa</strong></span> <span class='ocrx_word' id='word_1_183' title='bbox 1127 3913 1274 3985; x_wconf 81' lang='lat' dir='ltr'><strong>laedan-</strong></span> 
     </span>
     <span class='ocr_line' id='line_1_30' title="bbox 249 4034 1275 4132; baseline -0.006 -17"><span class='ocrx_word' id='word_1_184' title='bbox 249 4057 345 4121; x_wconf 86' lang='lat' dir='ltr'><strong>tem,</strong></span> <span class='ocrx_word' id='word_1_185' title='bbox 379 4035 480 4109; x_wconf 85' lang='lat' dir='ltr'><strong>breui</strong></span> <span class='ocrx_word' id='word_1_186' title='bbox 516 4034 725 4118; x_wconf 78' lang='lat' dir='ltr'><strong>exanthemu</strong></span> <span class='ocrx_word' id='word_1_187' title='bbox 752 4036 989 4107; x_wconf 84' lang='lat' dir='ltr'><strong>morbillosum</strong></span> <span class='ocrx_word' id='word_1_188' title='bbox 1013 4059 1077 4132; x_wconf 87' lang='lat' dir='ltr'><strong>per</strong></span> <span class='ocrx_word' id='word_1_189' title='bbox 1099 4037 1275 4110; x_wconf 56' lang='lat' dir='ltr'><strong>excellens</strong></span> 
     </span>
    </p>
   </div>
   <div class='ocr_carea' id='block_1_3' title="bbox 0 0 1457 4874">
    <p class='ocr_par' dir='ltr' id='par_1_4' title="bbox 0 0 1457 4874">
     <span class='ocr_line' id='line_1_31' title="bbox 0 0 1457 4874; baseline 0 0"><span class='ocrx_word' id='word_1_190' title='bbox 0 0 1457 4874; x_wconf 95' lang='lat' dir='ltr'><strong> </strong></span> 
     </span>
    </p>
   </div>
  </div>
 </body>
</html>
