<?xml version="1.0" encoding="UTF-8"?>
<!DOCTYPE html PUBLIC "-//W3C//DTD XHTML 1.0 Transitional//EN"
    "http://www.w3.org/TR/xhtml1/DTD/xhtml1-transitional.dtd">
<html xmlns="http://www.w3.org/1999/xhtml" xml:lang="en" lang="en">
 <head>
  <title>
</title>
<meta http-equiv="Content-Type" content="text/html;charset=utf-8" />
  <meta name='ocr-system' content='tesseract 3.04.00' />
  <meta name='ocr-capabilities' content='ocr_page ocr_carea ocr_par ocr_line ocrx_word'/>
</head>
<body>
  <div class='ocr_page' id='page_1' title='image "./dehistoriamorbo00hoevgoog_0097.png"; bbox 0 0 2834 4874; ppageno 0'>
   <div class='ocr_carea' id='block_1_1' title="bbox 226 373 1053 452">
    <p class='ocr_par' dir='ltr' id='par_1_1' title="bbox 226 373 1053 452">
     <span class='ocr_line' id='line_1_1' title="bbox 226 373 1053 452; baseline 0.007 -9"><span class='ocrx_word' id='word_1_1' title='bbox 226 391 266 452; x_wconf 79' lang='lat'>78</span> <span class='ocrx_word' id='word_1_2' title='bbox 417 381 540 444; x_wconf 79' lang='lat' dir='ltr'>llOliBl</span> <span class='ocrx_word' id='word_1_3' title='bbox 562 385 672 444; x_wconf 85' lang='lat' dir='ltr'><strong>ORBIS</strong></span> <span class='ocrx_word' id='word_1_4' title='bbox 694 373 790 447; x_wconf 78' lang='lat' dir='ltr'>Novi.</span> <span class='ocrx_word' id='word_1_5' title='bbox 812 421 852 433; x_wconf 90' lang='lat'><em>-</em></span> <span class='ocrx_word' id='word_1_6' title='bbox 873 384 1053 450; x_wconf 67' lang='lat' dir='ltr'>smaltis.</span> 
     </span>
    </p>
   </div>
   <div class='ocr_carea' id='block_1_2' title="bbox 130 564 1284 4133">
    <p class='ocr_par' dir='ltr' id='par_1_2' title="bbox 226 564 1278 1404">
     <span class='ocr_line' id='line_1_2' title="bbox 226 564 1270 665; baseline 0 -21"><span class='ocrx_word' id='word_1_7' title='bbox 226 575 370 644; x_wconf 80' lang='lat' dir='ltr'>&#39;siouurn</span> <span class='ocrx_word' id='word_1_8' title='bbox 403 593 484 640; x_wconf 92' lang='lat' dir='ltr'>cum</span> <span class='ocrx_word' id='word_1_9' title='bbox 510 564 719 636; x_wconf 90' lang='lat' dir='ltr'>fibrosarum</span> <span class='ocrx_word' id='word_1_10' title='bbox 747 579 785 636; x_wconf 87' lang='lat' dir='ltr'>ct</span> <span class='ocrx_word' id='word_1_11' title='bbox 813 571 943 638; x_wconf 89' lang='lat' dir='ltr'>ossium</span> <span class='ocrx_word' id='word_1_12' title='bbox 978 570 1270 665; x_wconf 68' lang='lat' dir='ltr'>aegritudinibus</span> 
     </span>
     <span class='ocr_line' id='line_1_3' title="bbox 233 689 1271 788; baseline 0.001 -21"><span class='ocrx_word' id='word_1_13' title='bbox 233 693 443 767; x_wconf 75' lang='lat' dir='ltr'>vicissitudo</span> <span class='ocrx_word' id='word_1_14' title='bbox 461 693 537 784; x_wconf 85' lang='lat' dir='ltr'>jam</span> <span class='ocrx_word' id='word_1_15' title='bbox 556 693 595 759; x_wconf 92' lang='lat' dir='ltr'>in</span> <span class='ocrx_word' id='word_1_16' title='bbox 619 689 696 783; x_wconf 90' lang='lat' dir='ltr'>ipso</span> <span class='ocrx_word' id='word_1_17' title='bbox 721 691 790 760; x_wconf 90' lang='lat' dir='ltr'>luis</span> <span class='ocrx_word' id='word_1_18' title='bbox 811 693 988 788; x_wconf 84' lang='lat' dir='ltr'>principio</span> <span class='ocrx_word' id='word_1_19' title='bbox 1020 697 1271 768; x_wconf 78' lang='lat' dir='ltr'>animadversa</span> 
     </span>
     <span class='ocr_line' id='line_1_4' title="bbox 233 814 1278 913; baseline 0 -19"><span class='ocrx_word' id='word_1_20' title='bbox 233 835 307 895; x_wconf 84' lang='lat' dir='ltr'>cst:</span> <span class='ocrx_word' id='word_1_21' title='bbox 332 841 451 913; x_wconf 89' lang='lat' dir='ltr'>neque</span> <span class='ocrx_word' id='word_1_22' title='bbox 479 814 525 885; x_wconf 88' lang='lat' dir='ltr'>ab</span> <span class='ocrx_word' id='word_1_23' title='bbox 550 816 649 907; x_wconf 89' lang='lat' dir='ltr'>lepra</span> <span class='ocrx_word' id='word_1_24' title='bbox 669 815 790 896; x_wconf 83' lang='lat' dir='ltr'>abest,</span> <span class='ocrx_word' id='word_1_25' title='bbox 815 817 992 910; x_wconf 83' lang='lat' dir='ltr'>siquidem</span> <span class='ocrx_word' id='word_1_26' title='bbox 1016 819 1061 889; x_wconf 92' lang='lat' dir='ltr'>de</span> <span class='ocrx_word' id='word_1_27' title='bbox 1084 821 1154 892; x_wconf 88' lang='lat' dir='ltr'>hoc</span> <span class='ocrx_word' id='word_1_28' title='bbox 1175 845 1278 894; x_wconf 93' lang='lat' dir='ltr'>mor·</span> 
     </span>
     <span class='ocr_line' id='line_1_5' title="bbox 235 927 1273 1020; baseline 0.005 -5"><span class='ocrx_word' id='word_1_29' title='bbox 235 949 282 1020; x_wconf 86' lang='lat' dir='ltr'>bo</span> <span class='ocrx_word' id='word_1_30' title='bbox 304 954 456 1015; x_wconf 87' lang='lat' dir='ltr'>cutaneo</span> <span class='ocrx_word' id='word_1_31' title='bbox 480 947 644 1009; x_wconf 76' lang='lat' dir='ltr'><strong>auctores</strong></span> <span class='ocrx_word' id='word_1_32' title='bbox 657 931 703 1008; x_wconf 71' lang='lat' dir='ltr'>&#39;in</span> <span class='ocrx_word' id='word_1_33' title='bbox 723 938 816 1010; x_wconf 89' lang='lat' dir='ltr'>cutis</span> <span class='ocrx_word' id='word_1_34' title='bbox 837 927 1097 1014; x_wconf 85' lang='lat' dir='ltr'>efflorescentia</span> <span class='ocrx_word' id='word_1_35' title='bbox 1113 945 1273 1020; x_wconf 81' lang='lat' dir='ltr'>subinde</span> 
     </span>
     <span class='ocr_line' id='line_1_6' title="bbox 234 1063 1273 1165; baseline 0.001 -24"><span class='ocrx_word' id='word_1_36' title='bbox 234 1067 370 1165; x_wconf 88' lang='lat' dir='ltr'>aliquid</span> <span class='ocrx_word' id='word_1_37' title='bbox 399 1063 516 1135; x_wconf 88' lang='lat' dir='ltr'>critici</span> <span class='ocrx_word' id='word_1_38' title='bbox 546 1063 717 1133; x_wconf 85' lang='lat' dir='ltr'>ridentur</span> <span class='ocrx_word' id='word_1_39' title='bbox 753 1067 925 1156; x_wconf 89' lang='lat' dir='ltr'>spectati:</span> <span class='ocrx_word' id='word_1_40' title='bbox 965 1069 1273 1162; x_wconf 77' lang='lat' dir='ltr'><strong>quemadmodum</strong></span> 
     </span>
     <span class='ocr_line' id='line_1_7' title="bbox 234 1186 1277 1290; baseline 0.003 -24"><span class='ocrx_word' id='word_1_41' title='bbox 234 1215 354 1266; x_wconf 89' lang='lat' dir='ltr'>rerum</span> <span class='ocrx_word' id='word_1_42' title='bbox 393 1186 607 1260; x_wconf 82' lang='lat' dir='ltr'>testimoniis</span> <span class='ocrx_word' id='word_1_43' title='bbox 638 1187 796 1258; x_wconf 83' lang='lat' dir='ltr'>ostendit</span> <span class='ocrx_word' id='word_1_44' title='bbox 825 1189 992 1263; x_wconf 81' lang='lat' dir='ltr'>classicus</span> <span class='ocrx_word' id='word_1_45' title='bbox 1020 1191 1067 1264; x_wconf 87' lang='lat' dir='ltr'>dc</span> <span class='ocrx_word' id='word_1_46' title='bbox 1097 1195 1197 1290; x_wconf 88' lang='lat' dir='ltr'>lepra</span> <span class='ocrx_word' id='word_1_47' title='bbox 1228 1197 1277 1269; x_wconf 89' lang='lat' dir='ltr'>in</span> 
     </span>
     <span class='ocr_line' id='line_1_8' title="bbox 233 1312 838 1404; baseline -0.01 -13"><span class='ocrx_word' id='word_1_48' title='bbox 233 1315 433 1392; x_wconf 79' lang='lat' dir='ltr'>Occidente</span> <span class='ocrx_word' id='word_1_49' title='bbox 458 1312 608 1404; x_wconf 86' lang='lat' dir='ltr'>scriptor</span> <span class='ocrx_word' id='word_1_50' title='bbox 626 1313 838 1385; x_wconf 74' lang='lat' dir='ltr'>Haustanes.</span> 
     </span>
    </p>

    <p class='ocr_par' dir='ltr' id='par_1_3' title="bbox 130 1433 1284 4133">
     <span class='ocr_line' id='line_1_9' title="bbox 229 1433 1275 1538; baseline 0.003 -25"><span class='ocrx_word' id='word_1_51' title='bbox 229 1467 231 1472; x_wconf 78' lang='grc'><strong>’</strong></span> <span class='ocrx_word' id='word_1_52' title='bbox 281 1441 378 1513; x_wconf 50' lang='lat' dir='ltr'>Post*</span> <span class='ocrx_word' id='word_1_53' title='bbox 398 1433 555 1507; x_wconf 88' lang='lat' dir='ltr'>eruditas</span> <span class='ocrx_word' id='word_1_54' title='bbox 585 1435 741 1508; x_wconf 71' lang='lat' dir='ltr'>virorum</span> <span class='ocrx_word' id='word_1_55' title='bbox 769 1437 957 1509; x_wconf 89' lang='lat' dir='ltr'>doctorum</span> <span class='ocrx_word' id='word_1_56' title='bbox 980 1439 1027 1512; x_wconf 91' lang='lat' dir='ltr'>de</span> <span class='ocrx_word' id='word_1_57' title='bbox 1050 1441 1148 1515; x_wconf 74' lang='lat' dir='ltr'>vitiis</span> <span class='ocrx_word' id='word_1_58' title='bbox 1170 1446 1275 1538; x_wconf 83' lang='lat' dir='ltr'>geui-</span> 
     </span>
     <span class='ocr_line' id='line_1_10' title="bbox 233 1558 1274 1662; baseline 0.003 -25"><span class='ocrx_word' id='word_1_59' title='bbox 233 1567 360 1638; x_wconf 82' lang='lat' dir='ltr'>talium</span> <span class='ocrx_word' id='word_1_60' title='bbox 382 1563 421 1631; x_wconf 89' lang='lat' dir='ltr'>iu</span> <span class='ocrx_word' id='word_1_61' title='bbox 443 1558 529 1629; x_wconf 90' lang='lat' dir='ltr'>orbe</span> <span class='ocrx_word' id='word_1_62' title='bbox 554 1562 669 1630; x_wconf 80' lang='lat' dir='ltr'>veteri</span> <span class='ocrx_word' id='word_1_63' title='bbox 691 1560 958 1634; x_wconf 83' lang='lat' dir='ltr'>lucubrationes</span> <span class='ocrx_word' id='word_1_64' title='bbox 991 1577 1150 1648; x_wconf 83' lang='lat' dir='ltr'>constat,</span> <span class='ocrx_word' id='word_1_65' title='bbox 1174 1591 1274 1662; x_wconf 87' lang='lat' dir='ltr'>quae</span> 
     </span>
     <span class='ocr_line' id='line_1_11' title="bbox 232 1683 1271 1786; baseline 0.003 -24"><span class='ocrx_word' id='word_1_66' title='bbox 232 1685 405 1786; x_wconf 83' lang='lat' dir='ltr'>&#39;syphilidi</span> <span class='ocrx_word' id='word_1_67' title='bbox 422 1683 577 1754; x_wconf 83' lang='lat' dir='ltr'>adscribi</span> <span class='ocrx_word' id='word_1_68' title='bbox 594 1685 710 1753; x_wconf 88' lang='lat' dir='ltr'>solent</span> <span class='ocrx_word' id='word_1_69' title='bbox 724 1686 816 1755; x_wconf 90' lang='lat' dir='ltr'>mala</span> <span class='ocrx_word' id='word_1_70' title='bbox 832 1688 970 1778; x_wconf 88' lang='lat' dir='ltr'>topica,</span> <span class='ocrx_word' id='word_1_71' title='bbox 981 1711 1049 1758; x_wconf 87' lang='lat' dir='ltr'>nec</span> <span class='ocrx_word' id='word_1_72' title='bbox 1064 1713 1158 1764; x_wconf 83' lang='lat' dir='ltr'>nova</span> <span class='ocrx_word' id='word_1_73' title='bbox 1170 1715 1271 1776; x_wconf 83' lang='lat' dir='ltr'>esse,</span> 
     </span>
     <span class='ocr_line' id='line_1_12' title="bbox 237 1807 1281 1910; baseline 0.003 -26"><span class='ocrx_word' id='word_1_74' title='bbox 237 1836 355 1908; x_wconf 85' lang='lat' dir='ltr'>neque</span> <span class='ocrx_word' id='word_1_75' title='bbox 367 1807 585 1904; x_wconf 87' lang='lat' dir='ltr'>praetervisa</span> <span class='ocrx_word' id='word_1_76' title='bbox 596 1835 604 1876; x_wconf 76' lang='grc' dir='ltr'><strong>ε</strong></span> <span class='ocrx_word' id='word_1_77' title='bbox 617 1807 727 1900; x_wconf 86' lang='lat' dir='ltr'>qua&#39;rc</span> <span class='ocrx_word' id='word_1_78' title='bbox 737 1831 855 1903; x_wconf 85' lang='lat' dir='ltr'>neque</span> <span class='ocrx_word' id='word_1_79' title='bbox 870 1811 1047 1883; x_wconf 88' lang='lat' dir='ltr'>immerito</span> <span class='ocrx_word' id='word_1_80' title='bbox 1061 1817 1250 1910; x_wconf 91' lang='lat' dir='ltr'>quaeritur</span> <span class='ocrx_word' id='word_1_81' title='bbox 1261 1812 1281 1901; x_wconf 78' lang='grc'>,’</span> 
     </span>
     <span class='ocr_line' id='line_1_13' title="bbox 239 1930 1275 2034; baseline 0.003 -27"><span class='ocrx_word' id='word_1_82' title='bbox 239 1961 313 2034; x_wconf 92' lang='lat' dir='ltr'>quo</span> <span class='ocrx_word' id='word_1_83' title='bbox 333 1932 476 2005; x_wconf 87' lang='lat' dir='ltr'>tandem</span> <span class='ocrx_word' id='word_1_84' title='bbox 502 1930 608 2000; x_wconf 90' lang='lat' dir='ltr'>modo</span> <span class='ocrx_word' id='word_1_85' title='bbox 638 1930 791 2023; x_wconf 84' lang='lat' dir='ltr'>intelligi</span> <span class='ocrx_word' id='word_1_86' title='bbox 816 1931 972 2005; x_wconf 88' lang='lat' dir='ltr'>debeant</span> <span class='ocrx_word' id='word_1_87' title='bbox 997 1937 1114 2006; x_wconf 86' lang='lat' dir='ltr'>morbi</span> <span class='ocrx_word' id='word_1_88' title='bbox 1133 1941 1275 2030; x_wconf 84' lang='lat' dir='ltr'>gallici,</span> 
     </span>
     <span class='ocr_line' id='line_1_14' title="bbox 237 2056 1273 2160; baseline 0.003 -28"><span class='ocrx_word' id='word_1_89' title='bbox 237 2063 302 2160; x_wconf 90' lang='lat' dir='ltr'>qui</span> <span class='ocrx_word' id='word_1_90' title='bbox 323 2058 478 2140; x_wconf 88' lang='lat' dir='ltr'>dicitur,</span> <span class='ocrx_word' id='word_1_91' title='bbox 503 2065 656 2126; x_wconf 71' lang='lat' dir='ltr'>exerunte</span> <span class='ocrx_word' id='word_1_92' title='bbox 674 2057 793 2125; x_wconf 86' lang='lat' dir='ltr'>seculo</span> <span class='ocrx_word' id='word_1_93' title='bbox 815 2056 953 2127; x_wconf 88' lang='lat' dir='ltr'>decimo</span> <span class='ocrx_word' id='word_1_94' title='bbox 976 2061 1103 2151; x_wconf 91' lang='lat' dir='ltr'>quinto</span> <span class='ocrx_word' id='word_1_95' title='bbox 1123 2065 1273 2136; x_wconf 88' lang='lat' dir='ltr'>natalia.</span> 
     </span>
     <span class='ocr_line' id='line_1_15' title="bbox 237 2178 1276 2272; baseline 0 -14"><span class='ocrx_word' id='word_1_96' title='bbox 237 2181 531 2258; x_wconf 86' lang='lat' dir='ltr'>Constellationes</span> <span class='ocrx_word' id='word_1_97' title='bbox 564 2178 779 2248; x_wconf 89' lang='lat' dir='ltr'>accusabant</span> <span class='ocrx_word' id='word_1_98' title='bbox 809 2203 851 2247; x_wconf 93' lang='lat' dir='ltr'>ac</span> <span class='ocrx_word' id='word_1_99' title='bbox 883 2193 1032 2272; x_wconf 86' lang='lat' dir='ltr'>peccata</span> <span class='ocrx_word' id='word_1_100' title='bbox 1067 2185 1276 2258; x_wconf 88' lang='lat' dir='ltr'>mortalium</span> 
     </span>
     <span class='ocr_line' id='line_1_16' title="bbox 239 2301 1277 2406; baseline 0 -25"><span class='ocrx_word' id='word_1_101' title='bbox 239 2309 416 2406; x_wconf 85' lang='lat' dir='ltr'>aequales.</span> <span class='ocrx_word' id='word_1_102' title='bbox 465 2303 563 2396; x_wconf 83' lang='lat' dir='ltr'>Quas</span> <span class='ocrx_word' id='word_1_103' title='bbox 593 2301 754 2394; x_wconf 83' lang='lat' dir='ltr'>prolecto</span> <span class='ocrx_word' id='word_1_104' title='bbox 780 2325 920 2373; x_wconf 86' lang='lat' dir='ltr'>caussas</span> <span class='ocrx_word' id='word_1_105' title='bbox 947 2306 1114 2400; x_wconf 86' lang='lat' dir='ltr'>equidem</span> <span class='ocrx_word' id='word_1_106' title='bbox 1141 2332 1277 2404; x_wconf 82' lang='lat' dir='ltr'>negare</span> 
     </span>
     <span class='ocr_line' id='line_1_17' title="bbox 239 2426 1282 2520; baseline 0 -15"><span class='ocrx_word' id='word_1_107' title='bbox 239 2457 312 2505; x_wconf 90' lang='lat' dir='ltr'>non</span> <span class='ocrx_word' id='word_1_108' title='bbox 332 2430 454 2500; x_wconf 87' lang='lat' dir='ltr'>ausim.</span> <span class='ocrx_word' id='word_1_109' title='bbox 502 2427 591 2497; x_wconf 86' lang='lat' dir='ltr'>Nam</span> <span class='ocrx_word' id='word_1_110' title='bbox 606 2436 645 2494; x_wconf 88' lang='lat' dir='ltr'>et</span> <span class='ocrx_word' id='word_1_111' title='bbox 663 2426 872 2495; x_wconf 87' lang='lat' dir='ltr'>constitutio</span> <span class='ocrx_word' id='word_1_112' title='bbox 891 2427 1078 2520; x_wconf 88' lang='lat' dir='ltr'>paudemia</span> <span class='ocrx_word' id='word_1_113' title='bbox 1102 2443 1139 2501; x_wconf 91' lang='lat' dir='ltr'>et</span> <span class='ocrx_word' id='word_1_114' title='bbox 1159 2456 1282 2506; x_wconf 77' lang='lat' dir='ltr'>venus</span> 
     </span>
     <span class='ocr_line' id='line_1_18' title="bbox 182 2549 1277 2649; baseline 0.003 -23"><span class='ocrx_word' id='word_1_115' title='bbox 182 2572 184 2582; x_wconf 59' lang='lat'><strong>¹</strong></span> <span class='ocrx_word' id='word_1_116' title='bbox 240 2557 426 2649; x_wconf 65' lang='lat' dir='ltr'>volgivago</span> <span class='ocrx_word' id='word_1_117' title='bbox 442 2549 595 2621; x_wconf 90' lang='lat' dir='ltr'>mirifice</span> <span class='ocrx_word' id='word_1_118' title='bbox 617 2561 704 2619; x_wconf 89' lang='lat' dir='ltr'>tunc</span> <span class='ocrx_word' id='word_1_119' title='bbox 730 2552 898 2642; x_wconf 87' lang='lat' dir='ltr'>temporis</span> <span class='ocrx_word' id='word_1_120' title='bbox 925 2553 963 2622; x_wconf 91' lang='lat' dir='ltr'>in</span> <span class='ocrx_word' id='word_1_121' title='bbox 990 2556 1126 2647; x_wconf 84' lang='lat' dir='ltr'>generis</span> <span class='ocrx_word' id='word_1_122' title='bbox 1157 2562 1277 2631; x_wconf 89' lang='lat' dir='ltr'>nostri</span> 
     </span>
     <span class='ocr_line' id='line_1_19' title="bbox 239 2674 1279 2776; baseline 0.005 -27"><span class='ocrx_word' id='word_1_123' title='bbox 239 2679 435 2776; x_wconf 87' lang='lat' dir='ltr'>perniciem</span> <span class='ocrx_word' id='word_1_124' title='bbox 468 2674 740 2768; x_wconf 82' lang='lat' dir='ltr'>conspirabant:</span> <span class='ocrx_word' id='word_1_125' title='bbox 773 2697 892 2769; x_wconf 86' lang='lat' dir='ltr'>neque</span> <span class='ocrx_word' id='word_1_126' title='bbox 926 2677 1075 2748; x_wconf 85' lang='lat' dir='ltr'>excludo</span> <span class='ocrx_word' id='word_1_127' title='bbox 1105 2685 1279 2754; x_wconf 87' lang='lat' dir='ltr'>mercurii</span> 
     </span>
     <span class='ocr_line' id='line_1_20' title="bbox 242 2799 1277 2881; baseline 0.004 -7"><span class='ocrx_word' id='word_1_128' title='bbox 242 2805 409 2881; x_wconf 79' lang='lat' dir='ltr'>abusum,</span> <span class='ocrx_word' id='word_1_129' title='bbox 433 2799 471 2869; x_wconf 89' lang='lat' dir='ltr'>id</span> <span class='ocrx_word' id='word_1_130' title='bbox 485 2811 540 2870; x_wconf 87' lang='lat' dir='ltr'>est</span> <span class='ocrx_word' id='word_1_131' title='bbox 553 2799 773 2869; x_wconf 86' lang='lat' dir='ltr'>medicorum</span> <span class='ocrx_word' id='word_1_132' title='bbox 791 2809 833 2868; x_wconf 58' lang='lat' dir='ltr'>et&gt;</span> <span class='ocrx_word' id='word_1_133' title='bbox 850 2799 1142 2874; x_wconf 86' lang='lat' dir='ltr'>medicastrorum</span> <span class='ocrx_word' id='word_1_134' title='bbox 1161 2817 1277 2878; x_wconf 85' lang='lat' dir='ltr'>teme·</span> 
     </span>
     <span class='ocr_line' id='line_1_21' title="bbox 241 2909 1278 3020; baseline -0.001 -19"><span class='ocrx_word' id='word_1_135' title='bbox 241 2930 404 3008; x_wconf 86' lang='lat' dir='ltr'>ritatem,</span> <span class='ocrx_word' id='word_1_136' title='bbox 430 2923 493 3018; x_wconf 91' lang='lat' dir='ltr'>qui</span> <span class='ocrx_word' id='word_1_137' title='bbox 510 2923 603 2992; x_wconf 88' lang='lat' dir='ltr'>cutis</span> <span class='ocrx_word' id='word_1_138' title='bbox 615 2909 776 2992; x_wconf 85' lang='lat' dir='ltr'>¹scabiem</span> <span class='ocrx_word' id='word_1_139' title='bbox 793 2925 969 2994; x_wconf 90' lang='lat' dir='ltr'>mercurio</span> <span class='ocrx_word' id='word_1_140' title='bbox 984 2928 1189 3020; x_wconf 79' lang='lat' dir='ltr'>extinguere</span> <span class='ocrx_word' id='word_1_141' title='bbox 1210 2955 1278 3000; x_wconf 87' lang='lat' dir='ltr'>cu-</span> 
     </span>
     <span class='ocr_line' id='line_1_22' title="bbox 130 3045 1276 3148; baseline 0 -24"><span class='ocrx_word' id='word_1_142' title='bbox 130 3115 133 3124; x_wconf 89' lang='lat'>.</span> <span class='ocrx_word' id='word_1_143' title='bbox 245 3055 387 3148; x_wconf 88' lang='lat' dir='ltr'>pientes</span> <span class='ocrx_word' id='word_1_144' title='bbox 420 3057 459 3118; x_wconf 86' lang='lat' dir='ltr'>ct</span> <span class='ocrx_word' id='word_1_145' title='bbox 483 3069 612 3118; x_wconf 85' lang='lat' dir='ltr'>novam</span> <span class='ocrx_word' id='word_1_146' title='bbox 645 3045 854 3116; x_wconf 86' lang='lat' dir='ltr'>humoribus</span> <span class='ocrx_word' id='word_1_147' title='bbox 887 3048 1104 3120; x_wconf 78' lang='lat' dir='ltr'>induxerunt</span> <span class='ocrx_word' id='word_1_148' title='bbox 1131 3053 1276 3147; x_wconf 77' lang='lat' dir='ltr'>dyscra·</span> 
     </span>
     <span class='ocr_line' id='line_1_23' title="bbox 246 3170 1276 3267; baseline -0.007 -20"><span class='ocrx_word' id='word_1_149' title='bbox 246 3181 332 3248; x_wconf 88' lang='lat' dir='ltr'>siam</span> <span class='ocrx_word' id='word_1_150' title='bbox 356 3184 393 3242; x_wconf 92' lang='lat' dir='ltr'>et</span> <span class='ocrx_word' id='word_1_151' title='bbox 413 3170 457 3240; x_wconf 92' lang='lat' dir='ltr'>ad</span> <span class='ocrx_word' id='word_1_152' title='bbox 475 3170 615 3239; x_wconf 86' lang='lat' dir='ltr'>interna</span> <span class='ocrx_word' id='word_1_153' title='bbox 635 3170 790 3262; x_wconf 86' lang='lat' dir='ltr'>corporis</span> <span class='ocrx_word' id='word_1_154' title='bbox 809 3172 1005 3264; x_wconf 85' lang='lat' dir='ltr'>penetralia</span> <span class='ocrx_word' id='word_1_155' title='bbox 1021 3175 1185 3267; x_wconf 59' lang='lat' dir='ltr'>‘relegato</span> <span class='ocrx_word' id='word_1_156' title='bbox 1202 3203 1276 3248; x_wconf 84' lang='lat' dir='ltr'>ma.</span> 
     </span>
     <span class='ocr_line' id='line_1_24' title="bbox 245 3293 1278 3396; baseline 0 -29"><span class='ocrx_word' id='word_1_157' title='bbox 245 3305 281 3372; x_wconf 94' lang='lat' dir='ltr'>lo</span> <span class='ocrx_word' id='word_1_158' title='bbox 310 3309 460 3393; x_wconf 79' lang='lat' dir='ltr'>systema</span> <span class='ocrx_word' id='word_1_159' title='bbox 489 3293 660 3362; x_wconf 89' lang='lat' dir='ltr'>fibrosum</span> <span class='ocrx_word' id='word_1_160' title='bbox 689 3303 727 3362; x_wconf 92' lang='lat' dir='ltr'>et</span> <span class='ocrx_word' id='word_1_161' title='bbox 749 3295 881 3365; x_wconf 92' lang='lat' dir='ltr'>ossium</span> <span class='ocrx_word' id='word_1_162' title='bbox 914 3311 1167 3391; x_wconf 88' lang='lat' dir='ltr'>corruperunt:</span> <span class='ocrx_word' id='word_1_163' title='bbox 1200 3327 1278 3396; x_wconf 83' lang='lat' dir='ltr'>quo</span> 
     </span>
     <span class='ocr_line' id='line_1_25' title="bbox 246 3416 1276 3518; baseline 0.001 -22"><span class='ocrx_word' id='word_1_164' title='bbox 246 3425 344 3497; x_wconf 81' lang='lat' dir='ltr'>lacto</span> <span class='ocrx_word' id='word_1_165' title='bbox 367 3445 409 3490; x_wconf 83' lang='lat' dir='ltr'>ex</span> <span class='ocrx_word' id='word_1_166' title='bbox 432 3417 608 3512; x_wconf 84' lang='lat' dir='ltr'>dyscrasia</span> <span class='ocrx_word' id='word_1_167' title='bbox 632 3416 806 3486; x_wconf 81' lang='lat' dir='ltr'>cachexia</span> <span class='ocrx_word' id='word_1_168' title='bbox 818 3433 901 3490; x_wconf 89' lang='lat' dir='ltr'>nata</span> <span class='ocrx_word' id='word_1_169' title='bbox 923 3434 978 3490; x_wconf 89' lang='lat' dir='ltr'>est</span> <span class='ocrx_word' id='word_1_170' title='bbox 995 3423 1105 3516; x_wconf 90' lang='lat' dir='ltr'>inque</span> <span class='ocrx_word' id='word_1_171' title='bbox 1126 3449 1276 3518; x_wconf 88' lang='lat' dir='ltr'>corpore</span> 
     </span>
     <span class='ocr_line' id='line_1_26' title="bbox 244 3539 1279 3642; baseline 0 -22"><span class='ocrx_word' id='word_1_172' title='bbox 244 3549 415 3620; x_wconf 89' lang='lat' dir='ltr'>suscitata</span> <span class='ocrx_word' id='word_1_173' title='bbox 438 3539 610 3638; x_wconf 87' lang='lat' dir='ltr'>putredo,</span> <span class='ocrx_word' id='word_1_174' title='bbox 636 3543 694 3610; x_wconf 89' lang='lat' dir='ltr'>cui</span> <span class='ocrx_word' id='word_1_175' title='bbox 723 3541 823 3634; x_wconf 88' lang='lat' dir='ltr'>plura</span> <span class='ocrx_word' id='word_1_176' title='bbox 851 3542 1073 3615; x_wconf 82' lang='lat' dir='ltr'>foedissimae</span> <span class='ocrx_word' id='word_1_177' title='bbox 1091 3547 1160 3618; x_wconf 88' lang='lat' dir='ltr'>luis</span> <span class='ocrx_word' id='word_1_178' title='bbox 1182 3573 1279 3642; x_wconf 86' lang='lat' dir='ltr'>sym·</span> 
     </span>
     <span class='ocr_line' id='line_1_27' title="bbox 244 3662 1281 3766; baseline 0 -24"><span class='ocrx_word' id='word_1_179' title='bbox 244 3681 402 3766; x_wconf 82' lang='lat' dir='ltr'>ptomata</span> <span class='ocrx_word' id='word_1_180' title='bbox 435 3662 636 3736; x_wconf 83' lang='lat' dir='ltr'>adscribere</span> <span class='ocrx_word' id='word_1_181' title='bbox 671 3675 835 3757; x_wconf 87' lang='lat' dir='ltr'>oportet:</span> <span class='ocrx_word' id='word_1_182' title='bbox 870 3667 939 3736; x_wconf 89' lang='lat' dir='ltr'>oris</span> <span class='ocrx_word' id='word_1_183' title='bbox 971 3667 1163 3750; x_wconf 82' lang='lat' dir='ltr'>foetorem,</span> <span class='ocrx_word' id='word_1_184' title='bbox 1194 3672 1281 3743; x_wconf 82' lang='lat' dir='ltr'>sali·</span> 
     </span>
     <span class='ocr_line' id='line_1_28' title="bbox 248 3789 1277 3888; baseline 0.003 -24"><span class='ocrx_word' id='word_1_185' title='bbox 248 3796 442 3870; x_wconf 79' lang='lat' dir='ltr'>rationem,</span> <span class='ocrx_word' id='word_1_186' title='bbox 468 3790 631 3860; x_wconf 85' lang='lat' dir='ltr'>dentium</span> <span class='ocrx_word' id='word_1_187' title='bbox 657 3789 813 3880; x_wconf 87' lang='lat' dir='ltr'>lapsum,</span> <span class='ocrx_word' id='word_1_188' title='bbox 839 3791 985 3860; x_wconf 88' lang='lat' dir='ltr'>sudores</span> <span class='ocrx_word' id='word_1_189' title='bbox 1009 3795 1277 3888; x_wconf 85' lang='lat' dir='ltr'>colliqualivos,</span> 
     </span>
     <span class='ocr_line' id='line_1_29' title="bbox 245 3915 1284 4014; baseline 0.003 -25"><span class='ocrx_word' id='word_1_190' title='bbox 245 3916 386 3996; x_wconf 87' lang='lat' dir='ltr'>ulcera,</span> <span class='ocrx_word' id='word_1_191' title='bbox 412 3915 559 3994; x_wconf 82' lang='lat' dir='ltr'>cariem,</span> <span class='ocrx_word' id='word_1_192' title='bbox 593 3936 835 4006; x_wconf 85' lang='lat' dir='ltr'>gangraenam.</span> <span class='ocrx_word' id='word_1_193' title='bbox 885 3916 985 4006; x_wconf 83' lang='lat' dir='ltr'>Quae</span> <span class='ocrx_word' id='word_1_194' title='bbox 1015 3916 1284 4014; x_wconf 82' lang='lat' dir='ltr'>hydrargyrcsis</span> 
     </span>
     <span class='ocr_line' id='line_1_30' title="bbox 248 4018 1283 4133; baseline 0.005 -18"><span class='ocrx_word' id='word_1_195' title='bbox 248 4018 291 4116; x_wconf 82' lang='lat' dir='ltr'>eo</span> <span class='ocrx_word' id='word_1_196' title='bbox 311 4039 497 4113; x_wconf 87' lang='lat' dir='ltr'>nocentior</span> <span class='ocrx_word' id='word_1_197' title='bbox 515 4033 715 4120; x_wconf 73' lang='lat' dir='ltr'>muniuit,</span> <span class='ocrx_word' id='word_1_198' title='bbox 739 4063 811 4132; x_wconf 89' lang='lat' dir='ltr'>quo</span> <span class='ocrx_word' id='word_1_199' title='bbox 828 4022 940 4133; x_wconf 82' lang='lat' dir='ltr'>major</span> <span class='ocrx_word' id='word_1_200' title='bbox 956 4041 995 4114; x_wconf 90' lang='lat' dir='ltr'>iu</span> <span class='ocrx_word' id='word_1_201' title='bbox 1010 4041 1216 4116; x_wconf 88' lang='lat' dir='ltr'>scorbutum</span> <span class='ocrx_word' id='word_1_202' title='bbox 1235 4071 1283 4120; x_wconf 80' lang='lat' dir='ltr'>ex</span> 
     </span>
    </p>
   </div>
   <div class='ocr_carea' id='block_1_3' title="bbox 0 0 1428 4874">
    <p class='ocr_par' dir='ltr' id='par_1_4' title="bbox 0 0 1428 4874">
     <span class='ocr_line' id='line_1_31' title="bbox 0 0 1428 4874; baseline 0 0"><span class='ocrx_word' id='word_1_203' title='bbox 0 0 1428 4874; x_wconf 95' lang='lat' dir='ltr'> </span> 
     </span>
    </p>
   </div>
  </div>
 </body>
</html>
