2834 4874
237 363 297 434 llo
560 368 998 432 t'rtrtuunzc'

235 549 341 646 pauci
366 549 579 620 interibant:
614 549 753 620 robusti
780 559 901 620 autem
931 560 970 622 ct
1000 549 1270 625 constitutionis

235 675 385 746 sanioris
407 673 481 745 fere
500 697 623 744 omnes
637 670 957 758 convalescebant3
979 673 1043 767 qui
1064 674 1152 744 huic
1172 700 1275 746 more·

234 798 283 870 bo
309 797 581 870 succumbentes
609 795 826 879 interibant,
857 798 1070 895 plerumque
1095 801 1143 870 ob
1172 799 1268 872 rirea

235 925 366 995 beurim
390 922 623 994 labefactatas
641 931 680 994 et
700 920 891 994 colluviem
910 944 1064 994 seronem
1093 927 1206 1017 mugio
1226 924 1267 998 io

124 1119 127 1130 ,
234 1060 381 1146 pectore
409 1057 674 1129 coacervatam,
699 1067 782 1117 eum
812 1045 913 1118 iebro
936 1045 1067 1118 educte
1087 1059 1126 1122 et
1154 1051 1271 1145 respi-

234 1172 374 1246 ratione
396 1169 561 1254 difficili,
592 1169 704 1241 inetur
731 1168 832 1242 febre
862 1167 1008 1242 hectico
1028 1171 1294 1251 laborantium·

234 1294 531 1372 omoriobunturl'
670 1298 674 1306 '

292 1421 456 1494 numm
489 1417 605 1491 morbi
633 1417 755 1512 perun
785 1419 951 1502 Wrms,
985 1441 1055 1494 nec
1076 1419 1195 1505 ¹nnrle,
1226 1421 1267 1494 in

232 1545 413 1640 sanguinis
432 1543 571 1627 vernali
583 1541 861 1630 instauratione,
885 1555 1033 1638 propter
1048 1545 1194 1618 effluvio
1213 1544 1267 1617 iu·

234 1681 294 1743 tua
313 1667 472 1740 cohibita
497 1667 702 1760 laesumque
722 1665 816 1738 cutis
835 1666 1057 1741 functionem
1079 1669 1265 1763 impedite.

288 1793 343 1866 De
365 1781 549 1886 tberapeia
576 1801 715 1863 monet:
742 1781 856 1860 morbi
883 1791 1028 1863 levioris
1043 1775 1177 1864 ¹curam
1204 1803 1266 1864 ut·

148 1905 152 1917 ⁹
231 1919 424 2016 plurimum
455 1926 607 1988 naturae
642 1912 821 2010 relinqui,
856 1915 960 2010 cujus
995 1915 1173 1986 beneficio
1199 1937 1265 2011 per

231 2043 379 2114 sudores
391 2037 549 2132 judicari
565 2036 665 2109 solet
692 2038 820 2110 Morbo
837 2052 962 2110 contra
982 2039 1021 2109 in
1036 2040 1141 2133 pejus
1157 2049 1267 2112 erec&

232 2178 293 2246 to.
317 2176 356 2237 et
374 2162 622 2256 intemperiem
641 2161 804 2248 febrilem
820 2161 1081 2256 respiciendam
1101 2186 1178 2234 erse
1199 2187 1264 2258 per

230 2286 412 2382 sanguinis
443 2285 646 2357 missionem
673 2295 711 2356 et
745 2283 975 2356 affectionem
1004 2287 1263 2360 rheumatioam

230 2437 296 2510 per
315 2410 561 2507 diaphoretica
574 2420 683 2506 atque
704 2407 885 2501 thoracica
905 2411 980 2483 eive
998 2412 1193 2504 pectoralia
1208 2435 1263 2483 re·

230 2536 372 2608 media:
395 2558 466 2608 nec
485 2545 604 2608 tamen
624 2557 687 2627 per
701 2533 885 2628 quaelibet
907 2535 1173 2628 expectorantia
1190 2536 1259 2608 hoc

232 2659 420 2731 consilium
436 2668 535 2730 recte
553 2657 723 2752 consequi
742 2679 845 2750 posse
862 2658 1061 2741 medicum,
1086 2659 1150 2732 sed
1169 2658 1263 2754 ejuo

230 2783 489 2885 meditantem
514 2805 592 2854 ease
610 2779 852 2865 admittenda,
878 2805 972 2879 quae
1002 2781 1140 2860 febrem
1155 2783 1262 2856 mini·

230 2931 289 2980 me
313 2889 520 2980 intendunt.
737 2897 741 2900 ’
1214 2985 1215 2992 1

279 3033 334 3104 Ile
355 3052 478 3102 caussa
493 3039 696 3122 naturaque
715 3029 829 3101 morbi
846 3055 960 3128 nuper
980 3030 1156 3106 dissensio.
1173 3031 1260 3104 luite

230 3154 293 3228 alii
317 3152 583 3248 contagiosum,
618 3154 680 3223 alii
710 3156 992 3240 miasmaticum,
1017 3155 1078 3228 alii
1099 3156 1261 3252 denique

229 3276 553 3352 exenthematicum
578 3301 655 3350 esse
678 3277 761 3348 muli
786 3302 897 3372 genus
922 3279 1196 3352 contenderunt.
1230 3305 1258 3346 ·.

278 3401 364 3477 Esse
386 3401 608 3496 pandemiam
642 3405 856 3496 europacarn
883 3426 965 3474 oum
983 3403 1190 3477 evolutione
1209 3403 1260 3477 oi·

231 3527 362 3606 ficinae
380 3524 538 3620 spirandi
564 3502 930 3620 corrjunctamsquae
960 3527 1124 3598 emedio
1148 3551 1261 3622 usquc

232 3673 324 3724 aero
349 3648 556 3744 praesertim
583 3648 764 3720 mundana
784 3647 863 3718 fieri
888 3648 1025 3746 incepit
1046 3651 1156 3747 inque
1174 3662 1262 3722 tem·

231 3795 319 3870 pora
337 3769 535 3868 recentiora
554 3772 727 3865 perrexit;
752 3771 888 3842 indicio
905 3786 1075 3868 utresque
1093 3774 1258 3868 periodos

233 3895 362 3970 eodem
387 3907 470 3988 typo
502 3895 744 3991 physiologico
774 3896 956 3990 copulari,
977 3897 1041 3968 'ita
1055 3903 1058 3908 '
1074 3909 1195 3972 tamen
1220 3908 1261 3967 ut

230 4045 313 4094 cum
330 4019 430 4118 priua
448 4022 558 4114 magis
574 4020 846 4094 inflammatoria
863 4033 957 4096 esset
981 4020 1180 4096 influenzae
1198 4045 1257 4092 ne·
