2834 4874
401 357 563 422 saraca
599 351 877 426 incurrunt
1109 357 1197 436 aav

120 541 455 638 praeeminerent,
494 554 555 612 aut
578 541 833 634 impediverit:
875 561 993 634 neque
1015 544 1181 615 ‘itidamu

121 667 271 736 comitia
297 667 588 759 pulmentaria,
612 688 706 759 quae
723 663 826 734 intra
847 678 982 757 septem
1007 681 1161 741 acore-²

119 791 271 860 natione
288 788 366 858 dies
388 799 644 858 successerunt.
694 787 776 858 Fuit
794 788 862 858 iate
882 789 1024 860 morbur
1040 792 1160 868 febris.

117 912 322 1008 pestilentis
345 935 456 1005 genus
474 910 672 1005 quoddam,
695 933 814 1004 neque
833 921 965 994 tamen,
992 927 1033 990 ut
1049 916 1160 990 ride-v

119 1049 185 1108 tur
195 1085 205 1118 ‚
230 1037 268 1104 iu
286 1036 388 1106 venis
408 1046 472 1104 aut
489 1033 698 1104 humoribus
710 1034 829 1104 sedam
845 1056 1044 1127 occupans,
1067 1027 1159 1115 cum·

117 1181 196 1230 non
214 1161 399 1253 pustulae,
422 1181 496 1228 non
518 1177 717 1252 purpureae
741 1165 804 1225 aut
830 1157 963 1229 lividae
987 1163 1156 1239 maculae·

116 1293 358 1376 aequarentur
390 1280 521 1371 (massa
542 1279 681 1352 scilicet
708 1280 864 1373 corporis
890 1281 1046 1378 intacta)
1068 1301 1156 1364 tan-‘¹

116 1415 200 1476 tum
222 1405 398 1499 malignas
414 1403 561 1500 qnidam
581 1425 690 1496 vapor
708 1413 749 1474 et
775 1426 863 1476 aura
878 1403 945 1478 ad·
958 1431 1017 1480 eor
1036 1415 1145 1488 adam

114 1529 211 1600 lavit
232 1529 591 1624 spiritusque-uitales
611 1527 756 1621 petebat
780 1539 818 1598 et
835 1523 1051 1624 incapabili
1076 1545 1156 1610 arn-i

116 1647 315 1722 denatura
332 1652 555 1722 excitabatur
568 1649 783 1720 adeundam
794 1672 860 1745 per
878 1654 1032 1727 sudores
1042 1663 1155 1734 emit-s

61 1771 64 1780 '
114 1775 270 1847 tendum
295 1783 339 1846 et'
361 1770 607 1848 exhalandum.
654 1774 779 1847 Potuit
804 1784 924 1846 autem
949 1767 1012 1871 per
1039 1803 1145 1875 expe.

115 1899 307 1982 rientiam‘,
331 1901 428 1997 quod
449 1899 592 1970 morbus
613 1897 681 1969 iste
698 1908 847 1968 naturae
865 1899 984 1992 potius
1000 1901 1145 1976 insidia·

116 2034 182 2094 tor
201 2035 277 2094 erat
297 2047 446 2118 eamque
469 2023 675 2117 imparatam
694 2021 932 2117 opprimebat,
958 2049 1063 2123 quam
1081 2031 1142 2100 ad·

112 2167 242 2218 veram
256 2147 424 2217 ‘remedia
454 2149 673 2229 obstinatus,
690 2146 728 2217 'ai
748 2147 787 2216 in
811 2157 969 2240 tempore
992 2152 1149 2222 rubraue

114 2282 200 2340 tum
231 2266 334 2339 leret.
355 2289 361 2328 τ
382 2269 524 2341 Etenim
545 2273 575 2341 si
593 2283 760 2364 aegrotus
783 2263 1027 2365 inaequabili
1055 2289 1142 2346 tem-

111 2406 325 2489 peramento
352 2393 470 2488 queam
483 2387 487 2396 '
500 2407 617 2468 vestes
645 2406 684 2466 et
709 2387 836 2466 focum¹
858 2387 1152 2472 detentursserset

113 2517 352 2613 tepidumque
380 2519 530 2594 bibisset
555 2533 594 2593 et
620 2518 787 2590 cordialia
817 2519 924 2590 etiam
947 2532 1146 2616 temperata

112 2642 342 2735 sumpsisset,
366 2644 464 2718 uude
492 2657 641 2714 naturae
670 2644 781 2737 ipsius
808 2663 900 2737 opus
930 2669 997 2716 nec
1024 2649 1153 2720 calore

112 2765 332 2850 irritaretur,
355 2793 424 2840 nec
440 2768 569 2864 frigore
587 2765 837 2861 repelleretur,
863 2768 1070 2865 plerumque
1087 2799 1141 2843 sa-

113 2889 213 2959 nitas
234 2893 459 2987 sequebatur.
507 2891 639 2964 Verum
657 2890 835 2961 innumeri
853 2889 1014 2964 homines
1033 2916 1075 2965 ex
1098 2921 1141 2968 eo

114 3012 238 3084 subito
267 3016 537 3095 occubuerunt,
571 3026 762 3108 antequam
796 3014 988 3104 curationis
1016 3019 1142 3091 modus

116 3148 160 3208 et
175 3140 331 3232 regimen
350 3139 486 3231 aegroti
506 3140 753 3208 innotesceret.
787 3137 916 3229 Opinio
934 3149 1025 3220 erat,
1051 3164 1147 3212 mor«.

114 3261 204 3332 hum
232 3264 339 3333 istum
366 3260 576 3355 neutiquam
600 3283 642 3329 ex
667 3259 874 3353 epidemiois
896 3259 981 3341 illis,
1004 3266 1067 3357 qui
1094 3266 1153 3336 si·.

116 3384 193 3454 mul
208 3386 402 3478 contagiosi
423 3399 505 3458 sunt
524 3399 561 3456 et
578 3386 624 3455 de
641 3406 786 3476 corpore
805 3384 842 3452 in
861 3385 1150 3476 eorpusfluunts

115 3503 245 3587 fuisse,
271 3510 334 3577 aed
357 3533 377 3578 a
397 3511 617 3602 malignitate
637 3507 789 3601 quidam
809 3508 846 3576 in
870 3507 946 3601 ipso
967 3519 1069 3581 aare:
1097 3527 1152 3586 ex’

113 3632 433 3724 praedispositionc
452 3643 701 3726 tempestatum
719 3641 756 3701 et
774 3632 1030 3708 mutationibus
1049 3637 1139 3708 coeli

115 3755 249 3824 crebris
267 3755 549 3825 etinsalubribus
563 3755 732 3848 impressa
741 3759 919 3827 manasse:
940 3769 1047 3852 atque
1059 3760 1138 3834 bre·

112 3877 167 3950 ria
182 3879 369 3970 ejusmora
383 3879 451 3948 hoe
468 3877 582 3972 ipsum
596 3879 809 3950 indicabat.”
835 3881 1016 3952 Hactenus
1030 3885 1138 3958 Baua.

161 4001 449 4096 Therapeuticen
459 4005 611 4098 populus
630 4003 777 4074 consilio
794 4004 920 4098 magis,
945 4029 1051 4101 quam
1067 4033 1145 4080 me«
