2872 4870
132 425 137 438 ,
244 367 305 432 220
456 365 633 428 secuturi
654 363 834 448 DECIMUM
854 365 1070 428 strumum

244 571 330 642 prae
351 545 507 639 contagii
524 558 622 617 metu
638 570 682 616 ex
698 531 767 615 hac
783 544 883 616 febre
902 547 1172 630 decumbentes,
1201 547 1282 623 iore

247 696 291 744 ac
308 683 407 765 peste
429 671 652 759 laborantes,
677 670 812 740 asanis
831 671 1040 746 vitarentur.
1076 677 1082 692 '
1173 715 1180 722 ·

304 797 379 868 Nec
405 796 550 865 minima
578 792 725 889 quidem
753 794 950 889 pernicies,
984 805 1048 867 aut
1074 799 1285 872 mortalium

249 932 384 1012 strages
408 917 507 988 hunc
536 917 707 988 morbum.
721 918 891 988 comitata
915 927 991 988 esta
1014 921 1161 1017 quippe,
1176 943 1285 995 sanes

250 1043 464 1123 caebectici,
476 1041 665 1136 phthisici,
678 1054 743 1113 aut
758 1042 844 1112 alias
855 1043 1147 1116 invaletudinarii
1156 1071 1287 1141 quami

251 1167 396 1263 plurimi
417 1166 486 1238 boc
510 1166 584 1236 sato
600 1165 787 1236 interierat
812 1167 920 1235 etiam
943 1191 1154 1261 puerorum,
1175 1175 1287 1266 juve-
1328 1201 1331 1208 ·

251 1313 356 1373 num,
380 1302 539 1360 maturae
569 1301 606 1359 et
629 1289 796 1360 robustae
831 1293 958 1362 aetatis
980 1289 1188 1376 hominum,-
1210 1313 1299 1368 non

253 1416 369 1512 pauci:
417 1411 564 1484 Memini
591 1411 630 1482 in
658 1411 870 1506 quibusdam
897 1413 993 1486 villis
1011 1415 1178 1486 seniores
1208 1417 1288 1488 tera

235 1601 237 1606 ,
254 1561 384 1641 οιιιιιοει
396 1537 465 1608 hoc
486 1559 579 1606 anno
594 1535 669 1607 vita
686 1535 868 1630 abreptos,
893 1549 937 1607 nt
959 1537 1020 1608 vix
1036 1553 1286 1634 superessent,

172 1689 176 1698 ·
253 1665 318 1759 qui
352 1658 603 1733 traditionibus
645 1659 846 1754 antiquitus
886 1661 1059 1755 receptis,
1095 1663 1288 1757 paroeciae
1377 1692 1378 1700 ¹

255 1807 370 1859 moras
396 1796 433 1857 et
453 1783 639 1878 privilegia
658 1786 753 1856 tueri
771 1786 967 1879 potuerint.

305 1909 458 2005 Quando
481 1907 571 1980 hacc
600 1907 709 1979 febris
736 1909 850 2001 primo
870 1909 1027 2006 incepit,
1051 1912 1200 2008 synochi
1220 1937 1289 2007 pu·

257 2035 323 2116 tris
341 2045 465 2127 typum
482 2031 648 2103 nonnihil
665 2031 861 2120 referebam
887 2045 964 2104 erat
983 2031 1101 2105 tamen
1114 2036 1288 2129 judicatu

209 2247 213 2264 ἡ
256 2155 436 2232 difficilior
456 2166 494 2226 et
516 2179 597 2226 cum
621 2157 750 2228 sudore
775 2170 840 2228 aut
865 2157 1052 2230 diarrhoea
1072 2159 1162 2230 solvi
1184 2159 1288 2231 vidc-

254 2293 375 2364 rctnr,
399 2282 519 2351 statim
540 2278 791 2351 recrudescere
823 2282 926 2353 solita
952 2291 1051 2354 orat:
1076 2283 1286 2376 plerumque

258 2427 344 2477 vero
365 2413 459 2498 post
489 2402 669 2496 sanguinis
697 2401 1014 2498 deflagrationem,
1041 2429 1105 2502 per
1134 2429 1196 2476 aex
1226 2411 1288 2473 aut

260 2539 397 2622 septem
411 2525 489 2598 dies
507 2527 765 2611 continuatam,
791 2527 861 2598 bac
874 2528 1080 2627 remittente
1100 2541 1139 2600 et
1156 2529 1288 2599 criseas

258 2655 339 2725 rice
375 2653 524 2723 materia
552 2651 679 2756 adusta
705 2653 744 2722 in
772 2652 956 2724 cerebrum
982 2653 1169 2738 translata,
1207 2671 1287 2722 cum

259 2777 379 2851 furore
406 2753 680 2870 nonnunquam,
706 2777 846 2869 saepius
876 2797 955 2846 cum
987 2786 1151 2868 torpore,
1177 2759 1290 2846 iuba·

260 2903 413 2974 eillitato
441 2923 570 2994 magna
597 2907 636 2972 et
663 2898 853 2991 aliquando
883 2897 1040 2970 motibus
1075 2897 1290 2970 convulsivia

261 3028 357 3119 aegri
377 3028 482 3116 longo
502 3034 660 3116 tempora
686 3023 943 3094 decumbentes
959 3022 1018 3094 rix
1040 3023 1185 3092 tandem
1210 3043 1289 3092 aaa·

194 3121 208 3254 ς
260 3125 395 3230 serunt.
452 3146 554 3220 Circa
582 3145 737 3216 mediam
765 3155 964 3224 aestatem,
993 3157 1136 3238 practer
1168 3156 1289 3218 conta-

260 3277 358 3371 gium
379 3284 418 3346 ct
436 3272 603 3344 funerum
631 3269 889 3364 frequentiam,
916 3267 1023 3360 signis
1046 3270 1197 3363 apertis,
1223 3267 1290 3340 soi‹

184 3435 186 3442 ·
261 3402 350 3471 licet
377 3395 666 3468 exanthematnm
686 3405 723 3464 et
746 3392 964 3462 macularum
991 3393 1204 3484 eruptione,
1230 3391 1289 3463 hia

260 3523 406 3596 morbus
428 3519 500 3591 vim
519 3539 618 3588 snam
643 3517 832 3612 malignam
853 3527 892 3587 at
914 3515 1189 3608 pestilentialom
1211 3535 1290 3612 proi

261 3646 377 3718 didit:
401 3643 536 3739 quippe
555 3639 621 3710 sub
647 3637 716 3712 hoc
738 3653 902 3733 tempus,
925 3637 1047 3709 multis
1069 3640 1146 3710 sinc
1165 3657 1287 3734 magno
1317 3683 1318 3688 ,

133 3819 136 3824 -
262 3768 373 3842 febris
405 3763 573 3838 incendio
598 3761 721 3857 pulsus
748 3763 965 3858 inaequalia,
998 3762 1128 3852 debilis
1156 3776 1194 3834 et
1215 3763 1289 3857 plus

263 3895 392 3966 rimam
409 3889 646 3968 inordinatus,
673 3887 781 3957 etiam
799 3889 878 3957 sine
896 3884 1085 3956 manifesta
1104 3887 1288 3980 spirituum

245 4021 435 4116 expensa,
448 4013 555 4088 *sires
573 4009 695 4086 statim
721 4009 918 4111 languidae·
937 4021 975 4084 et
998 4009 1101 4085 ualde
1129 4009 1290 4108 dejectae
