2834 4874
317 401 384 466 118*
415 399 630 465 rtuuttotut
653 397 837 470 multost,
862 395 1004 463 Trl’fltrs
1026 389 1267 466 llllllilClCUS.

318 584 437 654 valida
457 594 495 654 ct
513 581 700 664 catarrho,
723 583 787 678 qui
811 599 952 670 gravem
974 579 1200 670 pleuritidem
1230 587 1342 652 incur-

318 708 458 780 rebant.
506 701 649 775 Morbus
666 701 726 772 bic
741 686 940 794 cpidemiris
959 723 1031 772 uua
1054 725 1135 772 cum
1158 701 1257 774 [ebro
1275 728 1341 774 ocu

319 831 433 902 solum
462 827 557 920 apud
585 836 760 900 nostrates
778 826 815 894 in
842 823 1005 916 Belgica.
1036 847 1160 894 serum
1178 828 1290 896 etiam
1307 833 1342 902 m

320 951 512 1028 Germania
532 961 570 1020 ct
588 946 705 1022 Gallia
731 945 861 1040 passim
889 947 1061 1040 plurimos
1088 951 1287 1043 occupabat
1307 964 1343 1022 ct

319 1075 441 1147 afflatu
459 1069 614 1168 quodam
634 1095 677 1142 ex
703 1070 773 1142 illis
793 1071 998 1163 regionibus
1019 1073 1064 1146 sd
1087 1097 1152 1146 uos
1177 1073 1343 1158 devenir,

318 1219 532 1294 quamquam
553 1196 613 1266 hic
633 1193 782 1286 Delphis
804 1205 843 1263 ct
865 1194 904 1268 in
926 1194 1014 1266 locis
1035 1193 1196 1288 plurimis
1219 1221 1262 1270 ae
1284 1221 1345 1272 uo-

318 1323 374 1394 bis
401 1321 562 1396 finitimis
587 1327 668 1411 post
696 1337 852 1390 mensem
875 1315 1011 1390 lulium
1034 1317 1152 1388 miuus
1176 1343 1344 1413 grassam-

318 1459 388 1518 tur.
447 1444 591 1516 Interea
619 1441 657 1516 in
695 1451 891 1522 autumno.
924 1439 1146 1534 potissimum
1187 1467 1269 1516 sero
1300 1468 1342 1518 m.

318 1565 467 1642 Octobri
486 1577 524 1636 et
552 1563 742 1640 Novembri
770 1585 891 1635 rursus
917 1565 1013 1657 opud
1037 1587 1102 1635 nos
1132 1539 1342 1638 reviviscere

316 1693 526 1764 videbatur:
560 1711 633 1783 quo
657 1700 816 1782 temporo
847 1688 956 1759 etism
985 1687 1130 1782 plurimi
1156 1690 1233 1760 siue
1250 1716 1293 1770 ‚n
1318 1717 1343 1768 s,

319 1824 528 1890 eraserunt:
553 1835 635 1882 com
664 1835 749 1884 vero
775 1809 897 1906 hyems
928 1812 1206 1906 appropinquet,
1233 1825 1343 1884 catar-

317 1942 385 2010 rho
416 1938 680 2008 oontumaciore
712 1958 745 2012 s.
765 1957 790 2004 s.
816 1934 990 2028 profuisse
1022 1935 1177 2007 ridetur.
1224 1937 1342 2032 Quan-

252 2073 255 2082 '
316 2077 424 2161 quam
450 2059 620 2153 plurimos
648 2057 769 2130 statim
797 2058 843 2134 ab
875 2058 1002 2141 initio,
1037 2057 1170 2155 quibus
1201 2069 1342 2153 sputum

316 2181 499 2278 sanguinis
527 2181 584 2252 rel
612 2181 712 2252 dolor
738 2183 878 2264 luteris,
911 2193 977 2256 sut
1002 2180 1167 2276 pleuritis
1198 2183 1343 2259 accede·
1403 2213 1404 2228 ¹

315 2311 396 2389 bct,
429 2307 488 2379 sel
516 2304 693 2399 pulmonis
719 2303 976 2389 inflammatio,
1001 2329 1034 2382 r,
1054 2329 1081 2376 s.
1104 2301 1146 2374 in
1169 2305 1342 2400 principio

316 2432 479 2508 ndbibits
508 2427 618 2521 probs
646 2428 858 2500 ornavimus.
883 2467 930 2490 -
947 2428 1108 2524 Oportet
1130 2426 1242 2520 igitur
1266 2430 1341 2506 dili·

316 2567 441 2653 gcntcr
457 2551 699 2646 distinguere.
722 2550 854 2645 quibus
875 2576 911 2626 r.
927 2577 956 2627 s.
980 2551 1171 2630 conveniat
1197 2565 1236 2625 et
1263 2555 1340 2647 qui·

314 2684 385 2758 bus
416 2701 500 2752 non.
525 2714 571 2734 ·-
606 2674 666 2746 lta
693 2677 803 2750 otiam
832 2674 879 2755 dc
904 2676 1110 2772 pharmaco
1140 2677 1341 2750 adhibendo

313 2801 541 2878 sentiendum
571 2810 637 2872 est.
685 2799 896 2902 Quanquam
927 2801 966 2876 io
991 2799 1151 2879 febribus
1181 2803 1340 2878 omnibus

313 2925 565 3025 pestilentibus
584 2923 820 2998 substantiam
845 2922 962 3006 cordis
984 2923 1243 3018 occupantibus
1266 2949 1339 3002 ns.

312 3047 536 3128 nullomodo
557 3047 712 3142 prodest.
760 3047 832 3121 Scd
852 3045 944 3118 haec
970 3045 1172 3122 scincum
1196 3045 1246 3124 ita
1263 3071 1339 3142 per-

311 3175 420 3246 tilcns
442 3183 539 3254 crat,
563 3171 725 3266 quamvis
745 3167 922 3266 opidanis
942 3193 1063 3246 omncs
1087 3169 1218 3266 passim
1242 3171 1337 3250 iuvas

313 3298 415 3370 dens.
471 3295 541 3366 Hic
572 3305 692 3368 autam
729 3301 806 3366 crat
837 3293 982 3368 morbus
1020 3291 1242 3390 cpidcmius,
1279 3295 1338 3391 qui

313 3421 422 3492 etism
440 3417 517 3490 sine
534 3429 634 3512 peste
652 3418 829 3508 oriuntur.
876 3417 963 3508 Ernt
982 3430 1102 3493 umen
1118 3420 1337 3514 contagiosus

312 3555 351 3616 et
369 3543 578 3638 praesertim
605 3540 792 3636 malignus.
841 3539 997 3633 Quidam
1021 3540 1184 3634 vulgares
1213 3545 1251 3638 in
1269 3547 1335 3617 Ha·

312 3668 383 3762 gha
402 3663 550 3742 Comitis
574 3663 630 3754 (ut
650 3664 771 3757 audio)
796 3687 834 3735 se
857 3664 967 3757 ipsos,
993 3677 1068 3738 turn
1097 3665 1185 3740 alios
1207 3667 1336 3762 absquo

310 3789 442 3866 medici
476 3787 701 3883 praeseutia,
725 3811 789 3861 scu
814 3787 991 3864 beneficio
1024 3789 1207 3890 ejusdcm,
1242 3791 1333 3868 huuc

310 3911 473 3986 morbum
495 3911 713 4005 apidemium
749 3923 941 3994 curarunt,
975 3925 1156 4008 assumpta
1184 3915 1333 3991 theriace

311 4043 394 4113 cum
423 4034 508 4110 tolio
540 4036 619 4110 suri
647 4046 685 4112 et
713 4035 840 4130 exigito
867 4060 971 4111 croco
994 4031 1168 4136 adjectu
1197 4041 1331 4120 luteres
