2834 4874
384 367 844 428 tarrantrruttrtts.
1078 371 1142 430 153.
1224 379 1228 389 “

167 550 247 621 Jam
278 533 308 618 si
339 547 524 640 cogitetis,
558 560 594 618 et
629 549 865 618 lllortonianas
894 557 1046 626 exeunte
1078 571 1135 618 se-

105 675 188 746 culo
226 675 364 742 decimo
399 684 497 743 serto
524 672 635 742 lactas
665 671 928 743 observationes
955 682 993 740 et
1023 673 1134 744 Toarl

105 800 235 871 eodem
268 807 425 889 tempore
448 793 623 874 traditas,
657 793 687 861 si
719 795 881 887 cogitetis
911 796 1133 878 emendatam

106 923 175 996 hoc
211 933 389 1012 tempore,
423 919 541 988 Tauro
577 917 725 987 maxime
757 929 921 1000 auctore,
955 920 1134 1012 pyretolo·

103 1024 253 1138 logiam,
278 1044 307 1112 si
331 1065 424 1135 quae
445 1043 655 1112 Mansuetus
673 1042 718 1112 de
742 1041 786 1111 iis
805 1041 993 1112 memoriae
1012 1044 1133 1134 prodi·

102 1170 156 1239 dit
181 1188 348 1262 quaeque
376 1167 499 1236 retulit
530 1167 750 1244 Rouazzrru,
785 1166 814 1234 si
839 1166 952 1236 editas
972 1169 1132 1256 proximo

103 1293 224 1362 secolo
241 1293 390 1360 ineunte
408 1287 828 1364 Wcarnorru'historias
848 1293 1038 1382 reputetis,
1064 1293 1131 1360 dn·
1212 1317 1216 1326 ·

102 1414 201 1484 bium
226 1435 409 1507 superesse
431 1413 568 1482 nullum
586 1414 738 1505 poterit,
763 1412 831 1480 hac
854 1415 1001 1504 periodo
1023 1437 1130 1504 regno

102 1537 235 1628 petitas
253 1559 329 1606 esse
356 1511 636 1606 intermittentes
651 1559 713 1627 per
731 1547 872 1604 'omnem
889 1537 1080 1628 Europam.

147 1661 274 1754 Atque
293 1662 492 1732 Rtttszuru
513 1661 784 1738 constitutiones
814 1661 1027 1751 epidemicas
1052 1663 1129 1732 Mu·

100 1787 261 1856 tinenses
283 1785 458 1864 referens,
482 1782 715 1875 praecessisse
744 1783 851 1850 docet
870 1769 1031 1873 ingentes
1051 1785 1130 1875 plu·

101 1908 173 1978 vias
210 1896 535 1998 inundationesque
573 1927 732 1998 magnam
754 1903 915 1976 ·lebrium
950 1917 1143 1998 segetem,·

102 2055 192 2121 quae
214 2044 301 2126 typo
319 2030 523 2102 tertianario
542 2053 605 2123 per
625 2040 739 2100 totum
759 2054 820 2100 ver
836 2043 1123 2124 perseverarunt,
1148 2019 1153 2028 ’

101 2157 293 2228 accedente
314 2180 397 2227 vero
415 2166 549 2226 aestate
563 2155 601 2224 in
617 2154 776 2246 duplices
793 2152 960 2223 tertianas
979 2177 1125 2242 conver·

101 2303 155 2349 sae
180 2292 283 2361 sunt,
310 2280 464 2373 stipante
484 2302 609 2372 magno
632 2289 903 2372 symptomatum
935 2281 1124 2363 satellitio,

99 2405 209 2474 veluti
233 2405 449 2486 vomitione,
475 2407 669 2479 anxietate,
696 2402 822 2496 capitis
846 2401 988 2482 dolore,
1015 2408 1125 2476 verti·

100 2527 194 2618 gine,
215 2530 254 2598 in
269 2531 448 2600 nonnullis
464 2528 694 2620 stupiditate,
719 2527 757 2594 in
775 2527 852 2594 aliis
875 2527 1004 2596 mentis
1026 2551 1123 2598 emo-

99 2651 192 2723 tione
211 2664 282 2722 etc.
330 2652 492 2722 Perstitit
517 2663 636 2720 autem
657 2651 836 2741 appetitus
854 2672 895 2717 ac
912 2674 1035 2720 revera
1052 2652 1138 2722 hu·-

95 2775 252 2866 jusmodi
280 2753 396 2846 febres
426 2774 527 2847 luere
546 2773 656 2866 magis
684 2773 888 2851 famelicae,
913 2799 1021 2866 quarn
1044 2778 1124 2846 siti.

99 2901 248 2971 tolosae.
297 2901 421 2992 Magna
445 2922 525 2992 pars
553 2895 772 2967 medentium
802 2895 848 2964 ad
874 2919 996 2986 peruv.
1033 2912 1120 2970 cort.
1213 2925 1215 2930 ’

98 3045 230 3094 sacram
257 3022 446 3092 anchoram
467 3021 720 3114 confugerunt,
746 3030 783 3087 at
801 3041 923 3110 parum
941 3043 1118 3117 prospere.

8 3157 14 3178 ¹
98 3143 200 3219 Asino
221 3149 332 3217 altero
356 3146 606 3218 saluberrimus
625 3145 705 3216 luit.
754 3142 871 3214 Desiit
892 3155 1010 3212 autem
1030 3146 1120 3218 haee

98 3265 248 3341 febrium
278 3271 590 3341 intermittentium
619 3266 795 3360 epidemia
821 3267 859 3334 in
886 3265 1032 3360 typhum
1055 3295 1118 3368 pe·

99 3394 303 3473 teohialem,
328 3417 420 3486 quae
441 3394 507 3464 sub
529 3393 635 3462 variis
654 3391 739 3461 licet
758 3390 842 3460 anni
868 3401 1118 3484 tempestatum

99 3519 384 3593 conditionibus,
407 3540 471 3610 per
499 3540 608 3586 annos
630 3513 740 3594 1692,
764 3515 812 3586 93
838 3526 875 3584 et
901 3511 959 3585 94.
993 3541 1133 3609 peren,

96 3642 210 3722 navit,
235 3642 332 3712 uode
357 3639 445 3728 (rem
475 3641 685 3712 observante
712 3640 955 3732 manzano)
978 3640 1116 3732 liquot,
1240 3718 1244 3724 ⁴

97 3783 197 3850 quam
218 3788 341 3858 parum
364 3765 465 3836 firmo
486 3765 556 3833 talo
580 3772 650 3832 stet
672 3762 811 3831 illorum
834 3763 969 3854 opinio,
995 3767 1057 3858 qui
1072 3789 1131 3836 ex·

97 3887 289 3960 manifestis
315 3890 407 3960 atris
422 3885 667 3983 'qualitatibus
680 3861 819 3979 'putant
841 3885 926 3960 satis
949 3889 1115 3978 explicari

97 4027 193 4092 posse
217 4013 494 4107 epidemiecrum
513 3997 707 4083 affectuum
725 4008 868 4101 genesin
888 4031 928 4080 ae
946 4011 1112 4083 indolem.

97 4133 181 4225 uaa·
203 4135 294 4226 ros.)
