2900 4874
170 514 213 580 ue
235 506 364 599 morbis·
396 507 497 598 belgii
527 508 725 598 epidenriois.
774 554 798 580 ,.
847 551 855 572 .
905 533 1044 574 .,-·-
1068 502 1143 567 250.

165 626 365 720 1155555151εῆ
382 625 568 714 Germaniae
595 624 795 716 tepidemicis.
852 669 861 688 .
908 668 917 686 .
962 653 1046 668 -·-·
1070 621 1145 685 251.

170 745 319 815 Secutum
338 743 698 834 decimumseptimum.
715 770 719 782 ·
734 740 921 833 Morbihlta·

148 901 153 928 .
216 862 493 949 liaeepidemici.
566 903 920 928 .......
923 939 927 946 ¹
967 889 1048 902 --·
1072 857 1148 921 252.

28 945 62 960 i·
171 980 276 1048 Morbi
300 977 422 1068 Galliae
444 976 625 1068 epidemici.
682 1026 690 1044 .
741 1025 749 1044 .
798 1024 806 1043 .
853 1023 863 1042 .
912 1018 919 1033 ·
964 1005 1047 1026 ··--
1071 977 1149 1042 254.

173 1216 276 1286 Morbi
309 1212 423 1302 belgii
440 1213 620 1303 epidemici.
687 1243 1055 1280 ......
1087 1249 1152 1262 ·-

132 1417 136 1422 Ι
179 1332 279 1404 corbi
301 1330 488 1399 Germaniae
509 1330 689 1420 epidemici.
738 1374 748 1396 .
797 1377 805 1393 .
856 1375 864 1394 .
913 1372 924 1394 .
968 1355 1052 1374 ··--
1074 1327 1151 1393 259.

176 1449 325 1515 Secutum
358 1447 515 1514 decimum
538 1460 695 1512 octavum.
745 1447 790 1512 De
807 1443 926 1512 morbis

224 1567 335 1632 Italiae
361 1565 558 1658 epidemicis.
624 1616 631 1630 .
682 1609 691 1629 .
739 1606 749 1630 .
795 1608 805 1629 .
855 1609 862 1628 .
912 1608 920 1627 .
963 1562 1151 1632 -·-,-,261.

177 1687 223 1751 De
251 1683 372 1749 morbis
404 1681 526 1750 Galliae
547 1681 740 1771 epidemicis.
796 1726 805 1744 .
854 1728 861 1747 ‚
911 1725 921 1745 .
967 1709 1051 1725 -·-
1077 1678 1158 1764 262,1

175 1798 745 1889 65555515152531155551515551515.
798 1844 807 1862 .
855 1842 864 1860 .
913 1843 921 1861 .
968 1829 1051 1844 --
1076 1798 1153 1860 264.

179 1920 225 1984 lte
257 1917 378 1983 morbis
409 1916 511 2006 Belgii
540 1913 734 2004 epidemicis.
800 1962 807 1978 .
858 1961 866 1978 .
914 1959 923 1982 .
970 1944 1053 1958 —-
1076 1914 1179 1977 265.Ι

179 2039 226 2103 lte
250 2035 368 2100 morbis
392 2034 577 2106 Germaniae
604 2031 800 2122 epidemicis.
858 2079 867 2096 .
916 2080 923 2094 .
970 2065 1054 2084 --·
1076 2031 1152 2095 266.

179 2153 230 2226 De
257 2150 486 2241 epiderniarnm
513 2154 547 2219 in
573 2149 667 2215 Italia
694 2173 711 2214 a
742 2147 847 2214 seculo
876 2145 930 2212 de·

229 2269 313 2333 cirne
342 2279 428 2333 sexto
453 2267 493 2332 ed
516 2253 657 2334 seculum
684 2265 842 2336 decimum
870 2289 928 2331 no·

230 2407 306 2448 num
335 2383 528 2452 successione
552 2399 583 2450 et
606 2371 792 2454 mutatione.
861 2432 869 2452 .
919 2433 926 2447 .
971 2423 1054 2436 --
1079 2385 1155 2448 266·

180 2503 229 2567 De
250 2501 479 2589 epidemiarum
498 2503 530 2568 in
554 2503 657 2570 Gallia
677 2502 870 2567 successione
899 2512 931 2566 et

226 2620 461 2710 permutatione
465 2657 1056 2688 ..........
1080 2621 1157 2688 269.

182 2713 231 2800 De
270 2734 502 2822 epidemiarum
533 2738 708 2828 15158115
739 2736 934 2810 successione
1029 2773 1032 2782 ν

233 2839 265 2916 et
297 2830 529 2940 permutatione
532 2889 1060 2922 .........
1083 2854 1159 2918 271.

183 2969 232 3036 115
260 2969 488 3058 epidemiarum
508 2973 540 3047 15
560 2971 670 3060 Belgio
690 2972 883 3042 successione
902 2981 933 3033 et
955 2993 957 3008 ·

235 3083 506 3156 transmutatione.

162 3205 234 3294 ¹lie
269 3191 498 3294 epidemierum
523 3208 555 3270 in
579 3207 746 3272 Germania
776 3207 944 3270 successio-

231 3343 271 3386 ne
298 3335 329 3388 et
350 3325 619 3400 trnnsmutatione.
810 3373 817 3389 .
866 3371 874 3387 .
923 3370 931 3387 .
979 3355 1062 3416 -ss
1086 3324 1162 3387 272.

65 3519 71 3532 Ι
186 3417 541 3506 115555515155551555115
568 3440 691 3508 Italiae.
748 3487 757 3510 .
805 3487 814 3507 .
863 3489 871 3507 .
921 3488 929 3505 .
976 3473 1060 3483 -—-
1084 3443 1159 3502 275.

188 3559 235 3622 De
255 3557 374 3623 morbis
393 3557 514 3624 Galliae
540 3559 704 3632 endemiis.
867 3602 876 3624 .
925 3604 932 3623 .
980 3589 1063 3601 —--
1086 3548 1162 3622 278.

188 3676 236 3740 115
255 3674 374 3758 morbis
390 3673 543 3740 endemiis
562 3677 692 3762 Angliae
695 3721 930 3742 .....
978 3707 1061 3719 --
1086 3674 1163 3739 279.

161 3779 236 3857 ⁴De
258 3791 377 3859 morbis
399 3793 501 3881 Betgti
531 3778 694 3859 endemiis.
753 3843 760 3858 .
810 3841 818 3859 .
867 3840 876 3857 .
924 3837 934 3857 .
979 3827 1063 3840 —--
1087 3793 1166 3858 280.

187 3911 236 3974 De
256 3910 374 3974 morbis
392 3911 578 3976 Germaniae
599 3910 762 3976 endemiis.
786 3939 819 3976 ¹.
868 3953 876 3970 .
923 3955 934 3976 .
980 3941 1063 3954 --
1086 3909 1165 3975 281.

187 4025 348 4109 Quaedam
370 4026 408 4092 de
432 4027 551 4094 morbis
582 4029 762 4098 1515551155..
812 4080 819 4096 .
869 4076 878 4094 .
927 4077 935 4094 .
981 4057 1065 4070 ·--
1088 4029 1164 4093 262.
