2900 4874
457 407 617 472 MORS
667 401 882 471 utoni:
1146 405 1187 470 57

151 609 242 666 xsttr
262 599 389 688 quarta
409 613 491 683 pars
514 587 707 660 incolarum
734 590 896 682 Europae
924 587 989 656 har.
1013 591 1102 658 riece
1122 613 1189 683 pref

154 719 267 788 rierit.
316 715 465 784 Interim
494 714 644 784 ecclesia
668 714 859 806 plurimum
883 709 1009 802 opibus
1029 714 1188 786 divitiis-

151 865 226 934 que
255 839 400 930 augeri,
435 838 638 930 superstitio
669 860 710 906 ao
743 836 949 907 ianatismus
984 837 1185 910 increscere

152 976 265 1056 atque
283 963 320 1032 in
343 961 420 1031 dics
439 959 599 1030 miserior
615 959 704 1031 ficri
723 957 922 1029 mortalium
953 962 1185 1052 superstitum-

153 1087 322 1158 iortunax
357 1084 454 1178 quod
483 1081 701 1177 flagellantes
729 1082 855 1152 fratres
884 1091 993 1176 atquc
1032 1083 1187 1155 infortu-

154 1219 321 1288 natorum
345 1205 561 1277 ludaeorum
586 1205 859 1300 perquisitiones
881 1215 932 1274 et·
945 1205 1062 1276 clades
1091 1209 1182 1277 mul-

155 1342 286 1423 taeque
312 1330 514 1425 aequalium
532 1330 698 1424 querelae
720 1339 906 1401 testantur.
940 1329 1092 1402 Tantum
1110 1331 1179 1402 rel·

152 1453 240 1546 ligio
261 1454 380 1546 potnit
399 1455 545 1524 suadere
566 1450 759 1523 malorum!

158 1609 163 1616 ·
211 1579 284 1651 Nec
318 1576 530 1648 fortunatior
564 1575 685 1645 hercle
715 1575 802 1646 artis
825 1585 863 1646 et
887 1576 1063 1648 artificum
1092 1599 1183 1650 con·-

152 1700 257 1771 ditio.
305 1723 326 1770 a
347 1701 430 1772 Fuit
453 1698 543 1769 haec
566 1701 789 1796 pestilentia,
814 1712 897 1770 sunt
913 1699 1021 1771 verba
1045 1699 1178 1774 Gutno·

152 1841 212 1893 trts
231 1841 279 1893 nu
304 1823 501 1903 Carataco,
526 1824 662 1894 inutilis
687 1847 751 1916 pro
775 1822 922 1894 modicis
950 1834 988 1894 et
1006 1848 1179 1896 verecun-

150 1947 259 2028 dosa,
283 1947 368 2041 quia
399 1970 470 2018 non
495 1958 597 2018 erant
624 1946 702 2018 ausi
725 1947 868 2018 visitare
901 1957 1046 2041 propter
1071 1947 1178 2018 timo·

149 2093 228 2140 rem
257 2071 452 2141 inficiendi.
500 2071 546 2142 Et
570 2071 712 2166 quando
743 2072 956 2150 visitabant,
981 2094 1103 2163 parum
1125 2071 1177 2141 fa·

150 2193 297 2263 ciebant
314 2204 352 2264 et
371 2191 464 2263 nihil
480 2193 717 2267 lucrabantur.
756 2197 887 2269 Omnes
904 2195 1012 2276 enirn,
1040 2195 1104 2290 qui
1119 2197 1175 2265 in-

150 2317 388 2388 firmabantur
400 2365 410 2398 ,
442 2316 706 2400 moriebantur,
741 2321 896 2413 exceptis
922 2318 1044 2414 paucis
1080 2320 1175 2392 circa

149 2441 281 2521 finem,
305 2442 472 2536 quicum
501 2441 702 2513 bubonibus
724 2444 907 2513 maturatis
928 2445 1151 2514 eraserunt.”

200 2563 387 2636 Caeterum
409 2565 613 2636 eonomine
635 2566 804 2637 laudandi
824 2567 976 2648 medici,
999 2567 1095 2661 quod
1114 2591 1174 2639 na-

149 2699 271 2759 turam
299 2688 414 2759 morbi
441 2691 675 2781 contagiosum
705 2701 953 2782 agnoscerent,
987 2690 1110 2761 saltem
1131 2717 1174 2763 ex

147 2813 221 2884 iilis
244 2812 519 2883 excellentiores.
557 2813 637 2905 Quo
663 2824 825 2907 spectant
843 2813 931 2884 haee
950 2815 1058 2886 verba
1079 2816 1173 2888 Cus-

149 2957 244 3013 um:
281 2960 304 3007 u
322 2935 391 3008 hoc
415 2937 537 3031 itaque
560 2935 664 3007 modo
691 2935 752 3015 fit,
778 2948 820 3007 ut
836 2937 942 3007 unius
963 2959 1107 3009 accessu
1135 2940 1175 3008 in

151 3070 266 3134 totam
298 3059 490 3142 familiam,
530 3060 638 3131 modo
674 3061 874 3141 civitatem,
911 3059 1016 3131 niodo
1056 3060 1174 3130 viliam

149 3183 264 3278 pestis
301 3183 491 3256 invehatur
501 3187 520 3216 ’'
553 3197 710 3278 atquae
743 3195 959 3277 sequuntur:
992 3207 1015 3253 a
1037 3185 1176 3254 morbos

153 3329 277 3378 ornnes
306 3307 511 3402 pestilentes
540 3331 616 3380 csse
646 3310 883 3400 contagiosos,
908 3305 1079 3378 audacter
1109 3331 1174 3400 ego
1214 3341 1216 3346 ·

151 3431 347 3521 pronuntio
363 3442 471 3526 atque
493 3453 664 3503 assevero.
697 3430 872 3524 Idemque
891 3430 938 3500 de
957 3432 1042 3501 artis
1062 3433 1175 3524 impo-

151 3553 267 3622 tentia
282 3554 321 3623 in
339 3579 475 3625 summo
489 3555 617 3649 gradu:
643 3553 861 3625 curationem
880 3577 1019 3627 omnem
1037 3554 1174 3647 respuit

151 3676 263 3770 pestis
282 3677 507 3759 confirmata,
531 3678 793 3752 animadvertit.

201 3799 302 3869 lnter
318 3801 582 3894 prophylactica
599 3803 719 3896 fugam
733 3802 1026 3872 commendabant
1042 3801 1172 3875 medici

149 3933 192 3991 et
222 3924 534 4008 renaesectiones,
565 3927 810 4020 purgationes,
844 3924 1014 3995 cardiace.
1064 3928 1176 3999 Simul

153 4047 417 4138 aegrotantibus
441 4047 679 4124 detrahebant
704 4048 909 4160 sanguinem
939 4060 1175 4136 venenatum
