2900 4874
308 355 359 418 DE
380 351 629 417 rnlslotocll
648 350 829 414 vernanti
848 351 1045 414 UNIVERSE.
1153 353 1189 412 ll

163 536 231 616 ris,
256 535 540 628 degenerarunt,
566 545 673 632 atque
694 530 900 602 methodum
927 532 1079 601 tonicam
1102 532 1190 602 rali-

164 659 285 753 deque
305 660 511 728 alterantem
532 654 599 727 sibi
619 656 863 726 vindicarunt:
888 675 968 724 curn
994 654 1108 725 acutis
1133 652 1189 724 le·

134 803 138 808 ’
164 781 317 852 brilibus
339 780 574 852 succederent
602 777 782 858 chronici.
808 777 905 850 febre
927 789 1108 874 experiere
1129 780 1192 850 de·

164 906 313 974 ficiculo
339 904 458 973 renisu
488 904 610 984 rituli,
644 901 730 994 ipsis
761 913 879 972 tamen
911 902 1128 974 neurosihus¹
1146 926 1189 973 ex

163 1027 356 1097 abdomine
388 1025 555 1117 vitaeque
581 1025 749 1117 plasticae
774 1025 910 1116 organis
936 1025 1190 1096 succrescenti·

163 1151 234 1222 bno
257 1150 366 1242 inque
384 1149 593 1229 calculosos,
619 1147 808 1241 tophaeeac
824 1149 1082 1228 concretiones,
1102 1159 1190 1218 tam-

163 1297 274 1372 quam
313 1270 620 1365 crystallisotienes
655 1269 837 1362 organicas
865 1269 1135 1358 desinentibus,
1168 1293 1197 1342 a.

161 1397 298 1494 quibus
324 1419 370 1464 ne
393 1396 486 1486 ipsos
521 1394 704 1486 pulmones
722 1395 895 1464 immunes
921 1393 1048 1475 lineae,
1072 1418 1191 1464 erenr-

161 1519 282 1615 ploab
295 1518 515 1592 Aesimum
536 1519 738 1588 Tantusne
755 1517 933 1609 proposito
948 1517 1100 1588 efficitur
1125 1516 1191 1607 (*);

162 1645 271 1736 cujus
305 1665 360 1712 ars
389 1642 484 1712 ritae
513 1641 682 1734 plasticae
712 1641 887 1720 curandae
924 1639 1190 1710 adcommodata

161 1777 203 1836 et
230 1765 308 1856 ipsa
337 1763 501 1854 organica
532 1764 650 1854 potius
678 1785 719 1833 ae
748 1763 911 1854 plastica,
945 1785 1051 1858 quam
1080 1761 1191 1855 dyna-

160 1890 258 1961 mieo
277 1899 343 1958 aul
364 1883 561 1958 oesthetiea
579 1885 653 1957 diei
675 1896 843 1957 meretur.

453 2102 908 2180 perustione&

186 2305 219 2380 Ι.
258 2309 510 2400 Comparentur
538 2309 654 2381 cultus
680 2310 935 2393 Orientalium,
970 2309 1187 2385 Graecorum

261 2444 300 2504 et
327 2433 562 2534 Romanorum
588 2458 668 2504 eum
697 2434 854 2504 moribus
887 2436 1101 2530 vivendique
1129 2463 1188 2530 gc·

259 2581 345 2627 nere
380 2569 418 2627 et
457 2558 609 2639 morbis,
633 2570 687 2631 ,ut
724 2557 807 2629 inde
844 2557 1019 2629 efficiatur
1061 2559 1187 2632 harum

261 2680 418 2772 gentium
442 2679 668 2780 physiologia.

167 2801 225 2878 11.
263 2803 358 2895 Quid
389 2804 520 2873 docent
548 2817 705 2875 veterum
735 2805 852 2873 mania
882 2815 919 2875 et
954 2805 1187 2879 melancholia

161 2929 168 2952 '
261 2926 354 2998 circa
371 2925 610 2998 characterem
630 2928 785 3022 ipsorum
800 2928 1110 3026 psychologieumi
1136 2931 1187 3028 (ᾖ)

168 3125 381 3150 ..ιη-ι·-

164 3301 168 3313 .
206 3250 248 3326 (Ἴ
278 3247 400 3310 Phthisin
433 3253 589 3314 oaeneon
618 3254 800 3336 antiquiorum
835 3255 1001 3316 medicorum
1030 3254 1189 3314 recentiores

162 3377 220 3429 esse
248 3357 282 3418 ad
314 3362 456 3422 conamina
485 3369 596 3424 naturae
626 3364 800 3426 medicatricis
827 3365 994 3430 referendam
1023 3364 1191 3428 arbitrantur

164 3468 217 3529 cn.
239 3468 670 3554 Plysiologisclpatholopisclre
690 3473 934 3556 Ualersucleugen
953 3473 1032 3534 celer
1050 3474 1080 3532 T
1077 3474 1190 3540 ubereu-

164 3577 235 3637 Ioez's
263 3600 315 3638 von
347 3580 399 3642 Dr.
429 3582 463 3641 H.
495 3583 602 3644 Lnennr
631 3587 662 3642 in
690 3585 715 3645 l.
740 3582 869 3644 Maenas
893 3585 1004 3644 Archiv
1025 3587 1077 3658 sur
1101 3584 1191 3647 Anat.
1227 3591 1229 3598 ’

165 3689 301 3766 Physiol.
323 3711 351 3749 c.
374 3691 583 3766 wissenscldstl.
603 3693 731 3754 Medicis
750 3691 835 3776 Jahrg
855 3691 938 3753 1844.
963 3694 996 3752 H.
1016 3691 1068 3753 Ill.
1088 3715 1113 3776 p.
1130 3695 1187 3756 209

162 3817 205 3876 sq.
232 3797 265 3855 cf.
286 3818 312 3875 p.
330 3797 398 3858 289.

206 3902 249 3985 (†)
278 3907 320 3966 De
342 3909 537 3989 Lyeanllsropia
560 3909 600 3968 Cl
624 3911 755 3970 0areas11
774 3907 893 3986 Synops.
920 3908 980 3970 Lib.
999 3911 1047 3973 IX.
1076 3937 1123 4051 cap
1145 3917 1189 3978 10.

161 4015 248 4080 lem
276 4015 425 4082 Tetradill.
441 4019 480 4084 ll
505 4021 591 4082 Serm.
609 4019 647 4082 ll.
674 4040 729 4098 cap.
751 4019 797 4079 ll.
