2910 4866
662 625 871 663 ...Q-.-

337 819 409 884 SUB
439 819 595 884 ΔΜΒΠΜ
624 819 785 884 nourrtlo
817 819 943 898 QUALE
972 816 1191 882 nonomen

660 929 862 995 meantum.

297 1167 357 1241 Ad
375 1167 469 1240 hano
484 1167 731 1264 quaestionem
750 1167 896 1241 difficile
913 1167 1024 1245 inerit
1040 1167 1276 1262 responderet

249 1290 540 1388 quandoquidem
563 1290 743 1364 Arabibus
771 1315 844 1363 non
871 1293 1027 1387 placuit,
1058 1293 1280 1366 observatio·

253 1439 319 1486 nes
334 1415 489 1489 medieas
507 1415 632 1497 edero,
657 1417 720 1486 sed
736 1429 900 1487 veterum
915 1414 1131 1491 Graecorum
1147 1429 1185 1487 et
1203 1416 1282 1488 Ga·

255 1557 337 1613 aaut
369 1539 574 1631 praesertim
609 1539 738 1610 serinia
768 1541 968 1634 compilare.
1025 1541 1070 1610 ld
1100 1540 1280 1636 quoutodo

252 1661 388 1733 iactum
410 1661 473 1742 sit,
497 1660 654 1733 brevitor
672 1661 930 1754 explioandum,
974 1662 1140 1735 Nondum
1155 1665 1282 1736 inven-

253 1794 294 1854 ta
314 1782 563 1876 typographia,
587 1785 728 1858 oodioes
756 1786 1012 1880 manusoriptos
1033 1809 1204 1880 perquam
1226 1807 1282 1855 ra-

253 1931 310 1978 ros
343 1906 473 1989 inisse,
508 1905 614 1980 facile
640 1909 865 2003 intelligitur.
911 1908 1006 1980 uino
1035 1908 1282 2002 musquitquu

256 2031 424 2122 cupiebat
454 2029 664 2121 compendio
693 2033 1012 2132 comprehendere,
1035 2054 1127 2127 quae
1158 2031 1280 2104 multis

254 2153 295 2223 in
323 2151 423 2222 libris
450 2173 569 2245 sparsa
598 2166 700 2226 erant
728 2177 770 2226 ao
792 2155 953 2250 disjecta.
1004 2156 1063 2228 Sio
1090 2165 1174 2225 nata
1206 2153 1282 2223 Col-

256 2275 679 2358 leeranea‚1³andecue,
700 2276 877 2362 Couonea,
898 2281 1089 2374 Synopses,
1114 2299 1207 2372 quae
1223 2275 1282 2347 rel

257 2397 431 2492 florilegia
449 2409 569 2480 erant,
593 2409 657 2470 eut
678 2400 901 2496 anthologiae
924 2424 966 2472 ex
986 2402 1110 2498 priscis
1130 2399 1283 2470 auotori-

257 2521 343 2603 bus,
367 2523 424 2593 rel
447 2533 635 2616 systemata
652 2521 869 2606 medicinae,
893 2525 951 2594 vel
975 2521 1193 2602 encheiridio
1211 2543 1284 2590 me-

258 2643 351 2715 dica.
399 2645 458 2714 lta
477 2644 524 2715 de
540 2644 717 2716 medicina
734 2646 951 2739 scripserunt
978 2648 1185 2727 omissus,
1208 2643 1285 2715 Aa·

259 2785 356 2848 arus,
380 2768 533 2851 Faunos,
558 2769 736 2841 tonsuras
759 2769 956 2842 Acroamos
971 2783 1009 2843 et
1020 2767 1181 2840 Arabum
1191 2789 1286 2840 oom

257 2890 399 2990 plures3
424 2891 510 2962 dum
537 2893 743 2974 Avrcaruu,
769 2905 947 2990 tamquam
977 2894 1067 2965 alter
1096 2881 1286 2970 osseum,

259 3037 400 3087 omnem
421 3015 587 3086 medendi
614 3017 799 3086 seientiam
826 3018 968 3090 Conone
993 3041 1057 3088 suo
1084 2995 1286 3108 complexus

261 3149 328 3210 ost.
375 3137 445 3210 Eos
464 3137 573 3210 libros
590 3139 839 3231 pervolventes
862 3142 908 3212 ad
930 3141 1168 3236 cognitionem
1190 3158 1288 3208 mor·

260 3261 389 3334 borum
405 3274 492 3334 tune
509 3262 678 3356 temporis
696 3264 919 3355 regnantium
937 3286 1061 3358 parum
1077 3261 1285 3357 proficimus

261 3386 466 3482 magisque,
500 3405 612 3482 quae‘
627 3385 737 3458 fuerit
768 3385 837 3458 hoo
873 3398 1031 3480 tempore
1075 3383 1287 3480 cognitionis

261 3509 422 3583 medicae
442 3531 596 3590 summa,
618 3533 725 3605 quam
745 3532 837 3604 quae
856 3509 966 3580 fuerit
984 3510 1193 3582 constitutio
1212 3508 1289 3602 opi·
1399 3560 1405 3568 .

262 3631 398 3714 denaia,
432 3629 639 3725 pandemie,
663 3631 843 3706 discimus.
891 3633 1116 3728 Quapropter
1143 3631 1287 3701 nonnisi

260 3777 325 3849 per
343 3757 584 3850 conjecturam
604 3756 698 3828 hano
719 3756 822 3829 nobit
844 3757 1086 3852 cognitionem
1109 3775 1287 3860 comparas

263 3901 303 3950 re
322 3880 530 3970 poterimus.
577 3880 712 3985 Quodsi
731 3893 955 3975 reputemus,
982 3905 1024 3984 ex
1037 3877 1196 3952 Arabum
1214 3899 1288 3948 me-

264 4001 385 4073 dieina
408 4006 581 4078 exsulasse
601 4003 677 4092 iera
704 4004 899 4080 cathartica
921 4004 1059 4079 isthaec
1082 4013 1120 4078 et
1137 4001 1288 4074 emerico
