2872 4870
344 424 499 494 monson
529 409 715 488 odetuna·
735 415 923 489 ommuni
1086 411 1144 488 rot

159 605 255 680 titud
284 615 403 680 autom
431 609 526 679 circa
559 603 752 700 epidemias
780 606 1022 700 dysenteriae,
1047 615 1142 699 quae

107 733 158 803 ab
185 754 277 803 anno
298 731 401 805 1697.
425 753 540 826 usque
565 729 610 800 ad
639 753 771 800 anuum
795 729 897 803 1727.
929 733 1144 824 regnarunt',

107 856 487 936 animadvertendum,
507 853 603 948 quod
619 856 658 922 in
674 855 752 922 aliis
773 837 985 946 pctechiae,
1006 855 1044 923 in
1065 854 1143 924 aliis

104 979 262 1050 miliaria
285 980 541 1074 adparueruut,
567 1000 648 1048 cum
667 978 846 1047 anxietate
865 979 904 1048 in
922 980 1141 1072 praecordiis
1204 1007 1206 1014 ’

106 1113 147 1174 ct
167 1103 331 1174 tensione
353 1103 393 1172 in
418 1101 540 1181 dorso,
574 1124 616 1172 ex
638 1101 769 1195 quibus
793 1099 948 1172 efficitur
968 1086 1140 1196 'cognatio

105 1225 289 1322 quaedam
308 1229 404 1297 inter
421 1223 570 1321 typhum
588 1223 847 1319 petechialem,
873 1223 1008 1297 febrem
1030 1227 1143 1297 milia-

104 1355 183 1420 rem
202 1363 240 1421 et
263 1351 515 1444 dysenteriam,
544 1348 613 1419 hoc
634 1372 779 1442 quoque
810 1348 1066 1442 epidemiarum
1086 1357 1143 1448 eyss

108 1466 374 1553 cio'riotanda,
398 1472 495 1568 quod
518 1495 560 1542 ex
586 1471 765 1545 elemento
783 1471 942 1564 typhoeo
966 1497 1048 1544 cnm
1071 1475 1144 1546 ele·
1194 1537 1197 1548 .
1247 1461 1250 1470 ¹

106 1607 232 1668 mento
254 1595 477 1668 rheumatico
500 1598 711 1689 conjuncto,
745 1593 899 1666 forsitan
928 1598 1044 1688 repeti
1065 1610 1147 1690 pos·-

108 1725 175 1792 s‘et.
219 1719 300 1791 Nec
327 1731 447 1792 tamen
477 1719 690 1812 negligenda
716 1703 1031 1789 intermittendum
1062 1738 1144 1789 oum
1204 1741 1214 1763 t

107 1843 208 1916 hisce
229 1855 266 1914 et
278 1843 525 1942 erysipelaceis
542 1841 725 1922 adfinitas,
752 1853 859 1937 quam
878 1849 1067 1935 sequentes
1083 1850 1145 1912 au'-

106 1950 146 2037 ni
173 1967 293 2039 denuo
319 1967 532 2037 indicarunt.
566 1967 629 2036 'In
657 1965 866 2060 epidemicis
884 1965 1020 2036 borum
1055 1978 1143 2036 tem·

106 2111 234 2185 porum
266 2089 403 2160 morbis
428 2091 527 2161 cerni
561 2091 804 2162 evolutionem
837 2091 922 2162 novi
949 2089 1142 2172 elementi,

107 2214 246 2315 scilicet
274 2210 384 2285 febris
413 2215 580 2298 mitioris,
615 2237 810 2307 exgenere
839 2215 1077 2308 erysipelaceo
1104 2225 1143 2287 et

107 2333 259 2430 typhoso
284 2335 705 2433 prodeuntis,.Haassa1
731 2338 941 2432 ‘conjectura
971 2351 1042 2411 est:
1067 2363 1141 2436 quo

106 2471 259 2558 auctore·
273 2458 391 2532 vfebris
417 2437 573 2533 >mitteris
610 2463 723 2534 initio
747 2462 898 2556 typhoeo
939 2464 1142 2550 elemento,

105 2583 276 2678 deinceps
290 2585 514 2656 rheumatica
533 2586 686 2657 adtinior
705 2598 743 2656 et
761 2585 859 2657 dicta
872 2597 928 2657 est
946 2596 984 2656 et
1004 2585 1139 2660 habita

105 2706 245 2778 Exinde
262 2708 463 2801 epidemiae
477 2709 634 2781 mitiores
655 2711 808 2780 multum
825 2710 1055 2782 increverunt
1075 2723 1139 2808 per'

79 2827 277 2911 -Gnttam,
302 2829 547 2914 Germaniam,
572 2833 734 2906 Russiam
759 2833 825 2927 (Ἣ
850 2815 989 2903 durnin
1009 2834 1140 2930 Angiia

81 2961 176 3042 ,una
198 2953 280 3026 curri
300 2955 434 3026 morbis
456 2955 718 3051 erysipelatosis
744 2955 942 3050 regnabant
959 2957 1139 3032 intermit-

104 3087 222 3148 tentes
244 3091 282 3149 et
309 3079 555 3175 dysenteriae,
589 3105 632 3152 ex
659 3075 811 3175 quorum
841 3079 1021 3152 connubio
1045 3107 1138 3154 mor·

103 3201 230 3272 borum
255 3216 384 3276 natura
414 3205 653 3300 erysipelacea
674 3201 940 3275 constitutionis
967 3205 1138 3300 epidemi·

103 3347 167 3395 eae
195 3325 234 3395 in
259 3326 401 3422 Europa
427 3330 522 3411 hac,
544 3323 589 3400 d'e
610 3351 682 3423 qua
704 3327 864 3421 agimus,
888 3339 1007 3402 aetate
1028 3334 1139 3404 mani·
1274 3381 1276 3386 ·
1325 3350 1329 3360 ⁴

102 3448 226 3518 testam
257 3449 521 3554 observarunt,
553 3452 619 3547 qui
657 3451 704 3523 de
741 3451 924 3545 nosologia
966 3453 1136 3530 historica

98 3572 541 3686 seripserunt,‘auctores.

142 3890 182 3968 (Ἴ
203 3889 305 3950 Notatis
325 3909 442 3971 quaeso,
460 3911 523 3964 ¹rem
544 3887 770 3950 animadvertente
792 3891 816 3951 F
817 3913 946 3954 arrersao
958 3895 1059 3970 Sarra,
1082 3900 1138 3960 rui-

98 3997 208 4057 liarium
228 4019 284 4058 essa
310 3998 362 4059 hoc
381 4001 559 4078 praesertin,
582 4021 637 4060 sese
654 4021 718 4063 cum
736 4001 794 4061 aliis
814 3987 1019 4084 quamplurimis
1038 4009 1141 4071 morbis

99 4105 336 4184 exantbcmsticis,
355 4093 537 4192 contagiosis,
555 4101 746 4187 miasmaticis,
767 4105 907 4173 fabrilibus
926 4111 1079 4194 copulandi.
