2834 4874
212 371 252 432 88
494 365 656 430 SUMR
696 361 964 428 ssbe'CUS.

214 565 253 626 ta
264 549 417 623 dchiu'c
427 547 544 644 peste
568 569 662 641 quae
683 556 814 639 paucos
834 559 915 640 post
936 541 1245 634 obambulante,

211 676 397 747 interemi
415 675 532 744 runt.”
611 708 614 718 ·
1165 729 1172 738 ,

262 801 311 870 Ει
332 799 520 869 Nouum:
556 819 578 863 ιι
592 794 690 888 quod
717 791 779 861 bic
804 792 948 861 morbus
967 790 1160 885 degenere
1178 818 1245 888 pu.

168 919 170 923 ’
190 909 390 1023 stridoruro
409 921 473 1000 sit,
499 919 550 988 rio
566 917 742 1010 disputat,
766 916 905 984 duobus
924 914 1028 984 facile
1047 917 1247 988 rationibus

215 1046 452 1120 convincitur.
499 1043 619 1128 Priscu
645 1053 726 1126 cst,
750 1038 848 1133 quod
874 1039 977 1132 pueri
1006 1037 1098 1108 inira
1118 1041 1258 1112 decem·

216 1191 326 1244 anuos
345 1168 518 1240 rarissime
539 1165 607 1234 bac
626 1163 725 1234 febre
742 1161 994 1256 corripiuntur.
1011 1201 1058 1218 -
1082 1160 1245 1234 Alterum

215 1315 358 1366 caueam
371 1288 595 1406 experientia
618 1285 907 1362 commonstravit
918 1285 967 1360 in
973 1284 1037 1360 hio
1055 1285 1244 1369 videlicet,

215 1419 280 1514 qui
299 1424 379 1510 port
402 1433 646 1506 repercussum
671 1409 836 1482 sudorem
858 1410 981 1480 morbo
1010 1409 1244 1482 succubuere.

216 1543 251 1612 Ii
267 1539 377 1610 renim
410 1543 512 1630 post
524 1533 661 1629 aliquot
683 1535 798 1602 horas
824 1534 944 1604 atatim
974 1534 1245 1627 putrefactionis

140 1649 142 1658 ¹
215 1662 349 1760 indicia
376 1658 570 1794 praebent·
605 1657 799 1790 foetorem,
825 1655 945 1728 tabem
986 1657 1146 1752 undique
1180 1658 1248 1730 de·

211 1754 467 1874 fluentem?
531 1787 534 1794 '

215 1909 382 1982 Prima
413 1905 598 1998 cpidemin
610 1931 653 1976 ex
676 1904 942 2000 computatione
968 1903 1165 1974 Harsmu'
1154 1904 1248 1976 moia

215 2033 331 2108 ditm
351 2049 431 2100 anu.
452 2027 566 2110 1486,
592 2055 663 2122 quo
686 2042 845 2123 tempore
866 2027 1043 2098 Henricus
1059 2027 1143 2106 vu.
1167 2051 1247 2122 reg·

217 2179 266 2228 no
296 2154 417 2248 potius
445 2163 512 2224 eat.
558 2173 582 2221 a
596 2151 698 2224 Circa
726 2153 796 2224 boc
826 2164 989 2244 tempus.
1024 2161 1107 2221 eunt
1137 2151 1247 2224 verba

216 2277 389 2354 amorre,
423 2276 463 2346 in
485 2272 586 2346 ittet.
611 2273 702 2372 Bag.
729 2275 847 2348 Hono.
866 2277 959 2357 Vll,
982 2297 1107 2344 neruus
1135 2273 1246 2346 finem

216 2397 435 2498 Septembris
453 2398 601 2490 grassari
622 2401 765 2492 coepit,
789 2413 865 2472 tum
889 2401 927 2469 in
946 2400 1023 2492 ipea
1046 2399 1135 2470 urbe
1154 2399 1247 2471 Lon-

216 2525 423 2604 ‹tini-tum.
442 2521 481 2591 iu
506 2520 583 2592 aliis
610 2525 709 2616 regni
737 2524 900 2618 partibus
927 2522 1070 2623 morbus
1098 2523 1245 2640 (pridem

216 2645 436 2742 epidoruicus
455 2657 542 2718 tuuc
560 2647 728 2739 temporie
749 2671 884 2730 novur,
910 2648 970 2718 cui
986 2669 1029 2718 cr
1055 2658 1183 2724 natura
1206 2661 1245 2720 ct

215 2767 511 2864 'symptomatibus
535 2768 615 2861 ejus
636 2769 744 2846 fabric
766 2769 978 2842 sudorificna
1004 2793 1133 2841 nomen
1151 2772 1243 2842 indi·

216 2895 358 2970 derunt.
407 2891 551 2964 Morbus
571 2893 639 2964 iste
662 2893 790 2966 breves
808 2893 954 2963 sortitus
980 2905 1035 2964 est
1059 2894 1243 2987 periodos,

216 3030 290 3090 tam
321 3017 360 3087 in
382 3015 497 3086 morbi
524 3016 636 3108 ipsius
663 3017 769 3098 crisi,
792 3040 899 3109 quam
925 3018 963 3086 in
988 3030 1154 3111 tempore·
1177 3019 1244 3091 du·

214 3139 370 3214 nononis*
389 3139 479 3232 ejus.
527 3139 669 3232 Quippe
694 3141 759 3234 qui
789 3143 915 3212 eodem
941 3143 1094 3234 correpti
1123 3156 1244 3226 erunt,

215 3265 364 3338 aiiutra
382 3264 537 3370 epatium
559 3263 688 3356 viginti
712 3277 866 3357 quatuor
893 3265 1059 3335 horarum
1077 3286 1150 3336 non
1171 3289 1246 3338 rno-

213 3398 403 3474 ¹teruntur,
428 3389 544 3457 securi
558 3387 633 3492 foro
652 3399 691 3458 ct
708 3389 785 3458 sine
803 3401 900 3457 motu
918 3401 1029 3458 crant.
1057 3390 1109 3462 At
1125 3393 1244 3485 quoad

216 3513 373 3603 epatium
402 3511 589 3602 temporis,
620 3535 685 3606 per
711 3511 808 3606 quod
825 3511 969 3582 malitia
997 3513 1111 3583 morbi
1140 3515 1249 3584 dura-

219 3633 293 3714 rit,
318 3632 454 3726 incepit
474 3632 621 3727 quidem
639 3635 734 3704 circa
757 3636 962 3706 vicesimum
983 3639 1134 3730 primum
1158 3641 1247 3732 Sep*

213 3757 367 3835 umbris
388 3756 503 3838 diem,
528 3761 679 3832 coeravit
709 3771 828 3836 autern
851 3761 924 3832 sub
943 3761 1050 3832 finem
1082 3761 1249 3832 Octobris

221 3881 428 3973 sepientis,
462 3882 553 3953 ndco
585 3895 629 3956 ut
660 3883 790 3954 scutum
833 3887 950 3979 regiae
989 3886 1250 3968 coronationis,

221 4003 320 4105 qupd
336 4005 567 4086 ‚celebraturo
593 4019 649 4080 ert
676 4009 802 4080 ultimo
828 4009 1014 4091 Octobris,
1036 4009 1255 4106 trotttiquoru¹
