2834 4874
251 399 308 476 110
470 397 663 470 iirnus
706 400 1066 470 rusucurium.

150 615 168 636 ·
253 613 260 622 ·
299 593 375 664 lam
396 589 533 684 pridem
553 600 624 657 tarn
656 585 764 660 cutis,
793 607 898 679 quam
920 585 1058 656 cerebri
1081 588 1167 660 laesi
1189 609 1279 687 syrus

249 727 411 814 ptumata
433 715 471 782 in
495 711 654 781 febribus
680 708 932 800 pestilentibus
965 699 1177 786 notarerant
1202 743 1284 789 auc·

247 856 359 914 tores.
406 835 592 910 Crebriora
621 846 740 904 tamen
767 835 872 926 louge
891 835 981 906 haee
1011 839 1284 933 contingebant,

253 964 374 1038 seculo
397 961 537 1034 decimo
558 959 697 1052 quinto.

267 1097 270 1104 “
312 1089 470 1160 Primum
510 1084 752 1156 testimonium
783 1084 830 1152 sit
861 1083 1032 1157 ldsnsmt
1066 1086 1206 1169 Frons,
1240 1091 1286 1160 de

253 1213 431 1308 epidcmie
468 1210 578 1304 pertis
607 1207 796 1277 florentina
823 1231 854 1277 a.
882 1203 986 1282 1379.
1033 1212 1169 1283 »Sunt
1195 1236 1287 1282 uon.

189 1405 199 1416 ‚
249 1339 351 1412 nulla
379 1329 628 1432 pestilentialis
658 1330 766 1400 febris
788 1331 904 1424 sigua,
934 1332 1005 1402 rid.
1032 1333 1142 1408 febris
1173 1339 1287 1408 conti·

254 1485 327 1534 nua
365 1461 499 1550 absque
536 1455 699 1525 ordinata
730 1465 767 1524 et
799 1456 987 1527 manifesta
1020 1458 1283 1542 declinatione,
1409 1497 1410 1562 p

255 1606 337 1656 eum
364 1579 543 1652 anhelitus
564 1589 602 1647 et
624 1577 778 1669 pectoris
797 1581 976 1672 angustia,
1001 1603 1082 1652 cum
1098 1584 1286 1676 repentine

249 1710 379 1806 pulsus
406 1702 613 1782 debilitate,
639 1723 721 1771 cum
749 1701 907 1774 universi
933 1707 1091 1798 corporis
1116 1709 1286 1800 gravami-

251 1854 321 1915 ne,
347 1827 540 1925 praecipue
557 1825 704 1919 capitis,
732 1824 920 1919 phrenesi,
947 1830 1204 1910 anxietatibus,
1229 1855 1285 1900 ar·

250 1961 363 2039 dore,
398 1954 479 2034 siti,
512 1950 714 2042 sanguineis
747 1949 896 2020 maculis
921 1950 1083 2045 plurimis
1110 1955 1148 2024 in
1179 1954 1285 2035 loeis,

251 2105 337 2154 cum
370 2077 473 2147 urina
505 2095 646 2166 grossa,
675 2072 842 2153 turbida,
876 2075 992 2169 qualis
1022 2088 1078 2147 est
1101 2076 1287 2169 jumento·-

254 2206 366 2278 rum.’'
416 2200 580 2270 Alterum
606 2196 719 2267 Atax.
753 2199 947 2271 Burtumcrt
976 2199 1021 2271 da
1043 2201 1286 2294 pestilentia&

243 2330 352 2426 sobri
376 2349 406 2394 a.
425 2317 528 2394 1493.
576 2321 839 2414 »Quibusdam
861 2321 1023 2394 bubones
1042 2326 1117 2394 sire
1137 2326 1287 2418 inguina

255 2457 509 2528 innascuntur,
545 2444 602 2515 rel
631 2446 797 2537 pustulae
828 2447 988 2517 minutae
1019 2444 1194 2531 liventes,
1227 2451 1287 2520 vel
1408 2489 1409 2500 κ

256 2585 350 2671 quae
385 2582 506 2644 cutem
539 2569 652 2640 veluti
684 2570 909 2664 sugillatione
942 2570 1170 2652 converiunt,
1209 2597 1287 2643 sac·

256 2695 379 2775 aiente
395 2695 568 2765 flammn·'’
603 2693 673 2764 Hic
697 2693 767 2764 alio
789 2695 868 2764 loco
889 2694 1171 2788 typhomaniam,
1197 2711 1285 2768 tam·

259 2845 368 2922 quarn
396 2829 589 2916 symptoma
609 2817 753 2912 vulgare
775 2817 881 2899 satis,
907 2834 1167 2891 commemorat.

258 2985 264 2995 ·
307 2949 436 3041 Itaque
464 2941 641 3021 vidimus,
674 2961 756 3010 cum
785 2965 868 3011 reru
894 2955 995 3035 peste
1024 2944 1182 3014 extitisse
1217 2945 1287 3018 hoc

258 3081 419 3166 ‘tempore
448 3067 564 3138 febres
589 3061 821 3157 petechiales,
854 3089 948 3160 quae
973 3066 1077 3136 initio
1105 3091 1186 3138 curn
1216 3068 1285 3140 hac

258 3214 441 3293 tamquam
458 3192 643 3268 confusae,
671 3199 734 3256 ant
753 3190 956 3283 copulatae,
977 3191 1164 3284 deinceps,
1185 3217 1285 3287 pram

259 3323 380 3393 sertim
406 3318 451 3388 ab
480 3337 572 3385 anuo
592 3312 676 3382 inde
698 3312 809 3394 1505,
836 3325 1018 3406 separatae
1037 3316 1219 3408 prodiere,
1244 3331 1286 3399 ut
1407 3319 1408 3328 ’

256 3446 349 3541 pesti
383 3439 601 3534 cpidemicae
637 3437 676 3505 in
702 3436 843 3530 Europa
877 3438 1067 3508 succedere
1099 3440 1283 3514 videretur

256 3568 387 3664 typhus
413 3564 474 3634 ille
497 3559 718 3654 petechiulis.

262 3712 267 3722 ·
307 3693 360 3761 Ile
381 3685 558 3758 natalibus
577 3695 684 3780 atque
703 3681 837 3776 origiue
858 3683 967 3778 hujus
985 3685 1085 3780 typhi
1103 3690 1284 3780 parochia

256 3817 300 3886 lis
331 3835 455 3905 magus
485 3810 583 3879 inter
611 3806 706 3876 viros
732 3807 856 3876 doctos
885 3808 1057 3879 dissensio
1090 3821 1156 3882 estz
1210 3813 1284 3882 Alii

252 3940 364 4037 pestis
373 3935 593 4028 inguinariae
609 3942 749 4024 parturn
764 3929 872 4002 fuisse
896 3946 1050 4003 censent
1080 3934 1154 4003 Alii
1170 3935 1284 4006 Euro·
1405 4019 1406 4022 Ἴ

257 4085 324 4160 pue
351 4056 588 4132 meridionalis
615 4055 820 4150 progeniem
839 4071 1059 4151 nuncupant.
1108 4061 1243 4130 ilerum
1258 4083 1281 4129 ο
