2900 4874
474 666 769 698 '‘Ul’'

333 845 498 910 LEPRA
535 843 896 912 HEBRAEORUM.

151 1083 285 1181 Leprae
309 1083 553 1180 antiquissima
576 1085 768 1182 descriptio
785 1085 824 1156 in
847 1082 993 1157 Litteris
1010 1079 1132 1156 Sacris

104 1206 245 1302 legitur.
295 1209 341 1279 In
367 1208 474 1281 Libro
502 1211 622 1284 Motus
649 1211 776 1292 tertio,
807 1209 989 1282 Levitieus
1018 1207 1133 1278 nomi·

105 1356 170 1416 ne,
195 1331 385 1402 traduntur
415 1333 530 1403 morbi
561 1335 660 1428 signa
683 1332 889 1428 etquidem
916 1331 1051 1425 Leprae
1083 1330 1137 1399 al-

108 1455 175 1527 bae
206 1453 429 1549 potissimum
453 1481 683 1551 squamosas:
709 1456 747 1526 in
772 1453 1016 1551 antiquissimo
1045 1459 1134 1548 posi·

108 1589 205 1649 mate
233 1579 326 1649 Hlos
354 1576 570 1651 describitur
605 1581 718 1652 forma
750 1578 986 1650 tuberculosa.
1033 1576 1137 1648 Prior

107 1711 331 1798 quantopere
357 1702 403 1773 ad
428 1704 483 1775 rei
504 1703 692 1780 veritatem
713 1703 891 1796 descripta
917 1699 985 1781 sit,
1017 1708 1139 1769 osten-

108 1827 166 1898 dit
191 1827 355 1898 flmsms
387 1823 428 1896 in
457 1824 563 1898 docta
592 1825 919 1908 Commentatione:
950 1820 998 1892 de
1022 1821 1138 1914 Lepre

107 1949 150 2021 in
179 1947 390 2021 Occidente.
437 1948 554 2021 Probe
580 1972 665 2021 sero
693 1947 910 2028 notandum,
942 1946 1140 2044 aLegisla-

108 2084 193 2145 tore
223 2073 330 2144 Sacro
364 2070 555 2165 praecipue
581 2071 768 2144 memorari
802 2069 917 2141 morbi
943 2071 1137 2165 contagiosi

109 2195 236 2268 initia:
266 2194 441 2265 maculam
465 2193 504 2266 in
531 2208 615 2268 ente
643 2195 780 2278 elbam,
816 2191 1033 2288 depressam,
1058 2195 1141 2290 pilis

112 2339 259 2414 quoque
294 2315 576 2412 albescentibus,
606 2342 676 2390 nec
709 2342 783 2389 non
814 2317 975 2388 criticam
1002 2317 1143 2390 efflore-

116 2439 306 2521 scentiam,
331 2462 482 2533 quarum
501 2440 661 2536 dignotio
684 2467 762 2514 eam
782 2441 829 2512 ob
851 2465 1009 2512 caussam
1032 2441 1143 2512 maxi·

116 2568 167 2636 mi
195 2562 360 2636 iacienda
387 2573 464 2635 erat
476 2613 487 2647 ,
512 2576 555 2635 ut
580 2589 667 2636 num
690 2565 844 2639 mundus
872 2575 985 2646 esset,
1009 2586 1055 2634 an
1074 2564 1144 2634 im·

115 2688 273 2761 mundus
295 2685 421 2768 homo,
445 2687 527 2758 sciri
553 2701 674 2782 posset
704 2691 826 2785 sicque
849 2687 1070 2759 immundum
1097 2687 1144 2758 ab

118 2813 305 2884 hominum
325 2810 500 2881 consortio
514 2813 729 2894 amovendo,
752 2809 937 2906 impediri,
954 2811 1145 2905 quominus

118 2934 339 3030 contagionis
365 2931 403 3003 ri
430 2947 654 3028 proserperet
683 2935 816 3005 malum
841 2934 999 3028 aliosque
1024 2934 1145 3028 inqui-

117 3071 234 3132 naret.
280 3055 416 3128 Exinde
444 3068 565 3127 autem
595 3058 827 3150 intelligitur,
853 3080 917 3127 cur
947 3058 1147 3129 medicinae

120 3207 241 3256 sacrae
261 3181 505 3252 Hebraeorum
521 3182 711 3275 praecipua
728 3202 770 3249 ac
788 3179 954 3272 primaria
969 3197 1048 3273 pars
1067 3179 1146 3250 iuc-

121 3302 410 3391 rit.diaetetica;
436 3302 683 3396 intelliguntur
709 3326 919 3373 numerosae
941 3302 1023 3373 illae
1049 3303 1146 3398 leges

123 3443 162 3503 et
186 3430 297 3510 ritus,
322 3426 515 3520 bygieinen
537 3434 739 3523 spectantes
767 3435 806 3496 ct
831 3424 1044 3498 medicinam
1065 3452 1146 3524 pro·

122 3553 371 3652 phylacticam.

169 3680 333 3750 Formam
364 3672 625 3746 tuberculosam
658 3670 756 3767 quod
789 3672 949 3755 adtinet,
980 3673 1149 3768 quoniam

123 3803 169 3876 de
202 3805 312 3874 H1os1
339 3798 462 3869 morbo
491 3798 730 3867 controversia
758 3809 835 3878 est,
868 3795 966 3866 baud
996 3797 1152 3890 pigebit,

129 3926 314 3998 consulere
340 3924 551 3992 Hausnnnora
574 3943 727 4015 cumque
756 3944 800 3991 eo
830 3917 991 3988 conferre
1022 3919 1154 3990 Disser-

127 4051 303 4123 tationem
338 4067 452 4156 nuper
482 4043 615 4118 editam
643 4067 666 4114 a
696 4043 773 4118 viro
804 4041 901 4113 doct.
934 4062 1001 4113 aaa
1028 4043 1152 4119 Bosa:

932 4159 947 4222 ι
958 4166 972 4201 te
