2834 4874
235 365 292 426 124
464 361 715 424 cuneorum.
736 396 776 408 -
796 361 1049 424 scrutarius·

235 543 463 622 variatarum,
480 543 766 634 ponetioular-um
779 563 903 632 magna
921 541 1001 610 ilias
1015 542 1095 612 init.
1117 585 1160 606 -ψ
1183 545 1254 617 iio·

232 667 330 737 eules
356 687 460 758 saepe
490 667 527 732 in
559 664 689 733 morbis
718 662 891 744 uidimus,
916 663 1110 758 inquibus
1135 667 1256 760 ingens

233 801 309 860 erat
325 801 456 860 'aestus
484 785 638 879 partium
658 786 870 858 interiorum
896 800 933 858 et
956 789 1036 858 illae
1065 789 1255 883 aliquando

231 913 413 1006 disparent
438 912 528 990 oito,
554 909 743 1004 aliquando
768 910 813 979 ad
836 920 975 1004 tempus
1001 913 1168 1006 aliquod,
1194 917 1266 986 sed'

231 1035 341 1108 breve
367 1035 583 1106 consistunt:
609 1033 684 1104 iere
714 1033 759 1104 ad
779 1034 943 1105 rubeolas
971 1035 1167 1106 aeeedunt:
1193 1037 1263 1106 sed.

233 1160 402 1230 rubeolae
423 1157 560 1228 diutius
583 1169 728 1227 manent
748 1171 786 1230 et
801 1183 865 1230 sua
885 1159 1020 1230 habeut
1039 1140 1198 1252 tempord
1220 1171 1258 1230 et
1284 1217 1291 1226 .

229 1283 560 1380 pothognomoniea.
608 1281 655 1352 Et
680 1294 782 1354 extus
806 1283 981 1378 quaedam
996 1295 1083 1352 sunt
1108 1284 1257 1374 superfi.

229 1407 382 1485 oiariae.
417 1405 508 1475 aliae
540 1427 612 1478 neu
652 1407 704 1476 ita
736 1408 908 1494 humiles;
940 1409 1028 1478 item
1063 1405 1253 1500 aliquando

228 1542 462 1625 praecurrunt
487 1528 621 1599 febrem
649 1529 893 1613 menifestum.
925 1527 1114 1624 aliquando
1146 1530 1252 1601 febris

228 1665 312 1728 sunt
327 1654 489 1734 comites.
511 1653 549 1722 id
564 1665 635 1734 est,
660 1666 806 1746 quarto.
820 1666 884 1725 aut
901 1655 1042 1748 quinto.
1073 1665 1137 1722 aut
1155 1663 1252 1724 sexto

227 1757 291 1849 aut
312 1778 387 1848 alio
410 1777 470 1848 die
493 1788 686 1870 apparent:
712 1786 750 1846 et
782 1775 850 1850 hae
877 1789 961 1848 sunt
987 1777 1182 1850 doteriores
1214 1790 1263 1854 ot·

226 1904 419 1998 pessimae,
440 1901 510 1971 nisi
534 1899 644 1970 febris
670 1900 910 1994 conquiescat

275 2027 373 2096 Haeo
398 2036 482 2094 aunt
509 2022 735 2104 rubaolarum
756 2033 979 2112 argumente,
1010 2022 1121 2096 febris
1146 2025 1251 2098 modo

226 2148 273 2219 ed
299 2169 441 2218 manum
469 2146 583 2226 mitis,
612 2144 718 2216 modo
746 2148 933 2228 ueterrima,
955 2147 1107 2240 jaetatio
1134 2162 1173 2220 et
1199 2149 1260 2222 in·⁴

225 2273 327 2367 quies
356 2267 529 2364 eorporis,
568 2269 805 2346 membrorum
838 2269 1055 2354 ooniraetio,
1094 2273 1251 2346 anxietas

225 2395 331 2466 modo
351 2417 431 2467 eum
453 2392 609 2474 vomitu,
630 2391 735 2464 modo
755 2415 837 2465 eum
851 2417 1000 2476 nausea,
1027 2395 1123 2466 oouli
1141 2396 1252 2489 laery-

225 2517 418 2600 mabundi‚
443 2516 631 2612 propensio
648 2516 687 2585 in
706 2539 867 2588 somnum
879 2530 919 2589 et
936 2529 1057 2590 tumen.
1076 2519 1263 2592 domnion-1

224 2643 263 2713 di
290 2641 518 2733 impotentia:
555 2650 592 2710 et
613 2639 747 2710 idcireo
773 2642 923 2712 maxime
950 2643 1009 2712 vix
1029 2643 1068 2710 iu
1092 2665 1252 2712 somnum

224 2765 451 2860 impendent,
485 2764 582 2857 quod
609 2765 639 2834 is
661 2761 766 2834 iaeile
796 2765 1076 2858 interrumpatur
1098 2764 1145 2834 ob
1177 2776 1262 2834 tus·¹

223 2891 300 2962 sim.
357 2889 457 2958 Inter
486 2887 806 2980 pathoguomoniea
836 2889 958 2990 etium⁵
972 2888 1098 2968 tussis,
1130 2888 1252 2958 oeulo-

222 3035 301 3084 rum
323 3011 444 3090 ardor,
471 3022 508 3080 et
525 3009 712 3100 flagrantia
736 3010 792 3097 (ut
815 3009 866 3080 sic
885 3011 1014 3104 dinam)
1041 3020 1078 3080 et
1095 3009 1250 3080 raucedo

226 3157 308 3206 oum
333 3134 529 3227 jaetatioue
566 3142 807 3204 numerantur.
867 3131 951 3204 Alia
986 3133 1180 3206 assidentia
1215 3143 1261 3206 et.

224 3259 443 3328 eommunia:
470 3255 607 3350 appetit
633 3255 727 3326 enim
748 3257 897 3326 maxime
913 3268 1032 3350 partes
1056 3257 1252 3350 superiores

223 3383 374 3462 malum,
404 3392 442 3450 et
471 3379 654 3472 pulmones
677 3381 876 3474 arteriaque
910 3403 1033 3472 aspera
1059 3379 1164 3454 sacsso
1192 3403 1260 3473 pa-.

223 3506 382 3578 tiuntur:
409 3504 505 3574 unde
527 3504 657 3574 uvolae
676 3502 906 3572 inflammatio
930 3504 1051 3573 multis
1070 3513 1108 3573 et
1127 3503 1251 3598 deglu-

223 3627 340 3701 tiendi
361 3603 572 3707 difficultas,
600 3625 728 3718 angina
746 3625 921 3718 quaedam
942 3625 1035 3698 sieea
1055 3651 1119 3720 per
1144 3628 1250 3722 erysi-

224 3748 633 3850 pelatodeuphlogosin:
660 3749 848 3822 suffocatio
867 3750 967 3822 index
990 3751 1112 3822 multis
1131 3765 1169 3823 et
1191 3775 1263 3846 pe..

223 3873 359 3948 rotides
385 3875 531 3944 comites
554 3885 697 3947 suntet
719 3873 939 3966 praecedunt
965 3885 1003 3947 et
1033 3885 1261 3970 sequunturs.

224 4021 318 4102 ques
334 4021 407 4071 nou
435 4007 516 4072 suut
537 3997 588 4071 ita
609 3997 823 4080 metuendo,
849 3999 879 4072 si
905 4022 977 4072 nou
1003 3996 1163 4072 oriantur
1186 4019 1259 4096 pou.
