2900 4874
336 415 378 478 at
492 410 872 478 ruunauuutlcu
910 409 1226 481 GROECMWW

388 593 472 668 Alia
498 593 603 689 longe
630 602 688 665 eat
716 591 808 664 ratio
836 592 1014 668 Annranr.
1061 596 1098 666 Ia
1125 595 1265 667 aeilieet
1294 613 1362 664 non

338 731 452 793 artem
472 717 678 799 adumbrat,
699 715 766 788 aed
784 717 985 790 morborum
1002 717 1173 812 imagines
1192 717 1363 789 imitando

336 844 487 917 reddere
518 851 679 914 eonatur.
726 840 888 935 Ideoque
911 843 1092 935 picturae,
1127 843 1202 914 eive
1229 839 1364 911 tabulae

337 967 485 1063 reliquit
512 963 770 1058 diagnostiens,
805 964 959 1035 mirabili
986 965 1139 1038 artifieio
1166 965 1299 1045 inemo,
1329 964 1364 1033 in

339 1091 471 1186 quibua
496 1087 715 1164 Graecorum
743 1091 858 1184 pulori
878 1087 1038 1160 studium
1064 1111 1268 1183 exprereum
1296 1111 1365 1158 eor·

338 1216 465 1286 nimua.
511 1213 748 1286 Praeluoebat
768 1223 950 1293 anatome,
975 1235 1068 1306 quoe
1087 1214 1294 1284 morborum
1314 1235 1365 1282 ee«

329 1339 403 1411 ¹dea
427 1349 618 1432 partesque
650 1336 813 1408 adiectae
839 1335 1058 1407 reoludebat.
1108 1337 1211 1430 Quae
1245 1346 1364 1405 anato-

339 1485 416 1533 mee
433 1461 488 1533 ria
517 1471 626 1553 atque
645 1471 801 1553 potestne
825 1459 863 1530 in
888 1459 1138 1552 diagnostieen
1162 1469 1201 1528 et
1228 1457 1364 1528 nosolo·

340 1584 529 1676 giamoum
548 1581 617 1651 elia
639 1581 732 1652 bene
753 1581 865 1652 multa
883 1581 1033 1665 dooent,
1062 1593 1141 1654 tum
1157 1581 1362 1676 praesertim

339 1706 568 1803 quaestiones
595 1705 677 1776 illae
705 1706 798 1777 iuter
824 1704 981 1777 medieas
1008 1717 1148 1780 veteres
1175 1706 1249 1777 hoe
1282 1715 1365 1774 tem·

338 1853 425 1926 pore
447 1841 585 1900 motae:
611 1829 657 1899 de
683 1828 774 1900 sede'
796 1827 1028 1922 phrenitidie,
1053 1829 1258 1922 pleuritidie
1286 1827 1364 1898 alio-

288 1997 290 2002 ·
338 1977 489 2046 rumque
521 1951 725 2022 morborum
750 1974 792 2023 ae
814 1954 1077 2023 coutroversiae
1102 1965 1292 2024 anetarum
1321 1949 1363 2018 de
1424 2016 1427 2025 .

337 2076 440 2156 loeo,
464 2073 528 2167 qui
556 2075 693 2168 patitur
712 2075 751 2146 in
778 2073 922 2155 iisdem,
946 2099 1020 2146 non
1047 2077 1125 2146 siue
1149 2077 1262 2146 animi
1288 2095 1362 2143 oon·
1425 2049 1429 2177 ᾗ

338 2198 500 2272 tentione
516 2221 713 2292 magnaque
725 2197 983 2268 sententiarum
998 2198 1282 2294 opinionumque
1298 2195 1363 2268 dir·
1425 2229 1428 2254 r

338 2319 521 2414 crepantia
545 2322 718 2414 agitatae,
741 2342 831 2414 quaa
848 2322 1078 2415 qumationm
1095 2333 1135 2394 et
1162 2328 1363 2395 eontrorer-

337 2445 410 2516 oiae
432 2467 481 2513 ne
508 2441 585 2536 ipsa
611 2441 758 2536 quidem
786 2441 910 2532 ecbola
933 2442 1242 2529 metbodieorum,
1276 2462 1364 2539 quae

339 2566 541 2638 eommunia
557 2562 665 2635 unioe
686 2587 809 2638 aurare
823 2565 1078 2658 profitebatur,
1101 2567 1248 2640 silentio
1268 2586 1362 2662 prae*

338 2689 447 2762 terire
469 2686 599 2783 potuit.

386 2811 488 2893 Iam,
510 2809 599 2882 lieet
617 2835 683 2906 per
707 2835 848 2886 omnem
876 2795 1128 2909 antiquitatem
1157 2808 1363 2906 perennavit

338 2946 525 3008 uentorum
541 2945 581 3004 et
598 2935 849 3008 chronieorum
876 2936 1084 3020 direrimen,
1108 2959 1202 3032 quae
1219 2931 1362 3008 modiei-

337 3083 408 3130 nae
422 3057 575 3152 primam
594 3080 616 3126 a
633 3061 859 3153 prognostioe
878 3070 1101 3154 naturaeque
1129 3055 1365 3132 medicatrioio

338 3180 459 3258 studio
486 3180 659 3272 originem
684 3181 907 3264 declarabat,
938 3180 1057 3254 [ebroe
1085 3181 1132 3254 ab
1152 3183 1232 3254 aliia
1254 3179 1363 3254 aontir

337 3304 546 3397 diligentius
572 3303 729 3376 dieeerni
753 3317 791 3378 et
807 3305 1042 3399 'aiogrriarum
1070 3305 1227 3401 partium
1252 3297 1362 3376 morbi

212 3409 216 3412 ⁸
338 3427 548 3521 investigari
574 3439 791 3523 ooepenmt,
826 3428 922 3500 [aeto
947 3429 1181 3523 utplurimum
1203 3453 1225 3502 a
1249 3425 1363 3522 eapite

337 3548 467 3630 ἱῡὶῑὶο,
490 3551 709 3644 pyretoiogia
733 3553 780 3624 ou
806 3553 933 3640 laeum
958 3552 1176 3646 peeuiiarem
1202 3553 1361 3645 relegata.

339 3672 453 3746 Simul
473 3695 558 3744 vero
576 3672 663 3744 artis
680 3672 829 3746 historia
844 3675 1020 3748 litteraria
1046 3700 1128 3746 eum
1147 3677 1235 3748 artie
1257 3671 1364 3770 ipsius

340 3795 529 3890 disciplina
554 3806 652 3866 arato
680 3797 824 3868 vinculo
843 3799 972 3892 junota
998 3798 1160 3900 baeoque
1179 3798 1361 3874 traditione

338 3904 513 4011 perp'etua
541 3919 652 4012 magis
677 3919 847 3990 eontinuo
877 3921 1091 4016 amplificata
1118 3935 1156 3994 et
1183 3917 1360 3994 emendata

340 4053 414 4123 est,
449 4042 571 4136 sicque
600 4053 786 4116 auctorum
812 4047 999 4132 sententiis
1028 4059 1138 4141 ¹atque
1167 4045 1360 4118 morborum
