2900 4874
395 365 596 430 GHOREl
632 363 928 426 nrlnrrncn
1139 368 1178 432 63

142 549 297 640 natione
325 545 455 642 ejeoit,
477 546 544 642 qui
561 546 713 640 primum
733 546 889 616 interra
909 543 1078 618 sedentes
1097 571 1179 642 spu·

147 675 323 757 mebant,
354 680 479 768 postea
510 681 693 764 surgentes
722 691 837 764 usque
863 668 911 740 ad
940 667 1181 746 delectionem

146 799 348 877 saltabant,
372 794 487 866 donee
507 792 698 865 fortissima
725 794 880 888 ligature
899 791 949 864 ab
972 793 1049 866 eliis
1076 797 1182 870 strin-

151 934 334 1018 gerentur.
369 918 422 992 lix
445 939 488 990 ee
506 914 693 989 oooesione
713 916 848 988 multae
869 916 1099 1010 deceptiones
1118 919 1182 994 fio·

148 1045 250 1119 bont.
298 1045 389 1118 llam
421 1043 539 1136 plures
566 1050 609 1111 ut
636 1038 709 1112 vel·
722 1042 911 1132 pecuniam
945 1040 1182 1118 mendicando

149 1169 399 1264 perciperent,
424 1165 483 1237 rel
499 1163 676 1236 luxuriem
690 1185 793 1236 suom
812 1163 995 1260 explerent
1015 1165 1182 1252 liberius,

148 1292 317 1364 morbum
343 1285 556 1384 fingebeut”

153 1463 156 1474 ·
197 1417 255 1486 Ex
278 1413 379 1485 bisoe
406 1425 526 1485 autem
552 1409 787 1484 relationibus
809 1410 983 1497 efficitur,
1014 1414 1182 1494 universe

149 1538 302 1637 quidem
322 1535 473 1610 eandem
495 1534 605 1610 luisse
628 1535 767 1630 sibique
791 1537 940 1611 sunilm
969 1541 1083 1614 morbi
1099 1542 1184 1620 roe

152 1683 270 1736 mem:
304 1686 375 1734 neo
400 1658 558 1732 defuisse
589 1672 708 1732 tamen
731 1661 857 1735 morbi
892 1663 1110 1749 uarietates..
1139 1678 1184 1742 ur

151 1783 311 1861 subinde
340 1785 388 1856 ub
414 1783 606 1880 epileptico
633 1782 769 1854 insultu
798 1783 981 1856 exordium
1005 1802 1182 1876 sumeret,

141 1907 456 2008 ,quemadmodum
478 1931 521 1980 ex
542 1907 667 1980 Bnovn
694 1907 1066 2002 reuruneeemirur,
1087 1937 1182 2008 quae
1227 2005 1230 2012 Ι

154 2037 285 2110 ultimo
304 2035 387 2106 loeo
406 2009 544 2128 prolate
568 2042 634 2104 est.
681 2032 812 2106 Utrum
833 2058 918 2107 vero
944 2037 1088 2131 proprio
1114 2062 1182 2110 uo-

153 2157 256 2230 mine
292 2155 368 2229 diei
400 2155 513 2252 possit
540 2156 600 2227 rel
623 2153 801 2250 hysteriou
836 2157 973 2252 passio,
1004 2161 1064 2232 rel
1090 2183 1182 2234 som·

151 2279 430 2362 numbulismus,
453 2291 497 2351 ut
520 2267 700 2352 nonnullis
730 2281 887 2375 plaurit,
917 2282 1062 2355 diffieile
1082 2285 1183 2380 judi-

151 2417 241 2477 nutu
269 2415 336 2476 est.
389 2404 477 2476 Nem
507 2405 621 2498 primo
649 2414 721 2474 tem
748 2403 860 2488 =uiros,
893 2429 1000 2500 quem
1032 2407 1181 2482 lemine·

156 2525 368 2624 prehendit,
392 2539 469 2600 tum
486 2550 559 2598 non
576 2537 725 2621 prorsus
744 2530 982 2600 eonscientiae
1005 2529 1075 2602 luit
1093 2532 1181 2604 ebo·

152 2652 254 2735 litio,
289 2673 371 2722 oum
399 2673 545 2733 eorum,
575 2671 669 2746 qnae
695 2661 893 2744 gesserent,
923 2675 1097 2727 memores
1128 2681 1184 2729 es·

157 2774 277 2856 ιιειῗιῑ,Ι
294 2795 445 2868 quorum
478 2774 577 2868 prius
611 2773 848 2868 hysterismo,
879 2777 1055 2869 posterius
1087 2802 1181 2854 some

152 2897 391 2971 uembulisrno
427 2897 644 2972 eontrarium
675 2907 741 2970 est.
793 2894 892 2966 Illud
930 2900 1180 2988 verosimilius,

157 3022 442 3116 eomparendam·
459 3045 535 3094 esse
561 3023 655 3094 beno
674 3020 844 3092 neuroein
878 3042 960 3092 eum
992 3047 1055 3107 ee,
1088 3049 1183 3120 quae

157 3145 360 3241 pubertatis
392 3156 572 3243 tempure,
606 3157 786 3240 tamquam
808 3144 1033 3217 ¹evolutionis
1072 3159 1183 3242 syste-

158 3270 263 3340 motis
287 3269 450 3362 genitalis
467 3269 691 3365 potissimum
713 3268 841 3350 turbe,
865 3267 962 3337 mille
983 3267 1104 3343 formis
1123 3273 1182 3345 lu·

155 3390 212 3463 dit
240 3402 350 3486 etque
375 3414 473 3464 nuno
494 3393 706 3490 epilepsiae,
736 3414 833 3462 nuno
858 3390 1054 3486 hystoriae,
1073 3419 1182 3470 nune

158 3513 442 3598 somnabulismi,
467 3541 566 3590 nuno
593 3517 744 3588 ohoreee
761 3516 796 3588 S.
820 3514 917 3597 Viti,
942 3518 1056 3612 qualis
1072 3518 1181 3593 bodie

159 3639 318 3709 eernitur
337 3639 507 3723 similior,
531 3641 570 3712 in
598 3663 727 3734 genere
755 3661 945 3711 nervorum
975 3640 1096 3712 sedem
1119 3642 1183 3717 be-

154 3757 219 3834 bet
242 3773 280 3833 et
298 3763 480 3856 originem.

214 3886 301 3960 Cum
335 3887 466 3960 eborea
505 3885 703 3982 epidemioa
732 3897 805 3959 tem
837 3885 960 3956 mirem
991 3911 1183 3982 puerorum

158 4013 478 4107 peregrinationem
500 4010 540 4084 in
567 4009 764 4088 Germania.
787 4021 826 4084 et
849 4007 963 4088 Gellia
995 4017 1183 4088 memorius
