2834 4874
231 375 288 449 rot
446 380 636 445 arruns
677 381 1030 490 raincarius.

227 580 283 638 tes
308 574 408 636 erant
436 576 474 632 ct
500 587 601 634 mens
628 585 753 655 magua
780 575 948 657 exparte
983 575 1063 655 post
1087 577 1259 660 quartum

226 703 265 764 et
284 690 471 784 septimum
496 686 715 766 haesitabat,
742 687 837 758 oculi
864 685 1122 770 rubescebant,
1147 690 1261 762 rerba

225 816 340 887 multa
371 811 592 884 dicebantur·
646 813 775 885 Urinae
803 810 957 904 primum
986 809 1171 883 exalbidae
1200 823 1261 882 ut-

223 938 418 1036 plurimum
437 936 693 1018 ceruebantur,
720 937 845 1030 plenae
863 945 1000 1014 tamen,
1026 954 1104 1004 mox
1125 935 1261 1006 ruben·

223 1076 278 1136 tes
298 1073 336 1134 et
357 1059 542 1141 confusae,
567 1073 630 1130 aut
654 1061 784 1131 similes
804 1060 888 1132 rinc
908 1069 1153 1152 granatorum,
1178 1059 1261 1152 pul-

111 1191 114 1198 ’
226 1210 287 1260 sus
301 1211 401 1256 rarus
418 1199 456 1256 et
472 1183 638 1266 humilis,
664 1196 888 1255 excrementa
906 1189 1089 1273 corrupta,
1116 1180 1259 1254 foeten-

224 1314 288 1384 tia.
336 1309 438 1382 Circa
460 1319 626 1402 quartum
650 1321 688 1377 et
706 1307 896 1400 septimum
915 1307 953 1374 in
973 1304 1150 1386 brachiis,
1175 1306 1260 1377 dor-

225 1459 264 1506 so
281 1445 320 1506 et
337 1443 482 1526 pectore
501 1431 661 1502 maculae
679 1431 868 1510 rubentes,
893 1451 998 1521 saepe
1019 1443 1057 1501 et
1077 1432 1257 1522 puniceae

225 1555 483 1654 erumpebant,
516 1565 715 1646 puncturae
758 1553 918 1647 pulicum
960 1554 1114 1635 similer,
1147 1576 1257 1648 saepe

224 1681 378 1772 majores
396 1677 568 1748 incitatae
599 1677 806 1757 lenticulas,
831 1678 985 1748 undeet
1011 1697 1140 1746 nornen
1161 1677 1258 1748 indi·

225 1818 301 1876 tum
322 1813 387 1875 est.
436 1801 522 1872 Sitis
541 1811 662 1870 eutem
678 1811 741 1870 aut
760 1799 875 1880 nulla,
900 1811 963 1870 aut
981 1821 1089 1892 parva
1108 1800 1254 1872 aderat:

223 1924 450 1999 sordescebat
476 1934 598 1995 tamen
618 1923 760 2017 lingua,
785 1922 1018 1994 somnolentia
1039 1922 1257 2018 quibusdam

224 2051 368 2128 aderat,
392 2045 606 2140 quibusdam
623 2057 661 2116 et
681 2044 844 2137 vigiliae,
868 2045 1048 2118 interdum
1071 2046 1109 2116 in
1125 2046 1257 2118 eodem

222 2187 399 2265 utraeque
419 2193 484 2264 per
510 2171 625 2250 vices,
650 2181 764 2240 status
787 2179 865 2240 erat
883 2170 961 2240 aliis
980 2170 1024 2240 ad
1042 2169 1256 2263 septimum,

223 2297 303 2368 aliis
333 2294 379 2364 ad
401 2301 567 2388 quartum
595 2291 796 2376 decimum,
830 2292 908 2364 aliis
932 2305 970 2364 et
998 2295 1115 2380 ultra,
1148 2295 1258 2366 urina

223 2417 436 2515 quibusdam
473 2413 724 2498 detinebatur,
759 2417 857 2512 quod
885 2419 1075 2512 pessimum
1115 2418 1256 2508 signum

223 2557 312 2616 erat.
360 2543 407 2613 Et
428 2537 527 2610 lebre
547 2539 714 2612 mulieres
733 2565 887 2635 paucae,
912 2565 1013 2614 senes
1031 2543 1255 2634 paucissimi,

224 2667 356 2744 ludaei
379 2664 453 2736 lere
485 2663 589 2735 nulli*
603 2664 752 2757 periere.
801 2666 959 2736 Juvenes
980 2676 1017 2740 et
1041 2667 1144 2758 pueri
1163 2668 1256 2736 mul-

223 2797 272 2877 ti,
294 2805 332 2864 et
357 2791 383 2862 ii
401 2786 548 2886 quidem
567 2788 724 2869 nubiles,
749 2801 791 2859 ut
811 2791 1019 2881 pestilentes
1044 2811 1151 2858 verae
1174 2812 1258 2859 een·

225 2925 439 2994 sueverunt,
463 2934 655 3004 quaecum
674 2911 818 3004 vulgum
834 2913 1024 3006 praecipue
1045 2911 1254 3006 capiebant,
1298 2991 1302 2996 ¹
1407 2907 1409 2956 l

225 3055 304 3113 tum
326 3040 394 3130 hue
418 3034 535 3108 febres
553 3036 592 3106 in
611 3034 749 3106 nobiles
768 3036 917 3126 grassari
940 3036 1036 3105 visae
1056 3045 1149 3106 suut.
1188 3036 1257 3106 Pe·

223 3171 357 3239 rituros
388 3185 453 3234 sne
487 3159 586 3254 signa
617 3154 902 3252 praecedebant,
936 3159 1030 3228 sicut
1062 3167 1101 3227 et
1130 3179 1259 3228 erasu-

223 3307 300 3364 res:
326 3289 419 3360 mala
446 3295 567 3366 crunt,
592 3283 622 3352 si
650 3300 754 3374 aeger
783 3279 919 3352 virtute
940 3278 1048 3350 defici
1070 3282 1258 3397 sensissett

224 3418 255 3488 si
278 3420 456 3505 assumpto
477 3407 551 3478 levi
567 3405 759 3498 pharmaco
788 3403 911 3498 ingens
928 3403 999 3473 alvi
1016 3402 1175 3496 dejectio
1203 3427 1257 3474 se·

224 3549 310 3611 cute
332 3537 477 3612 luisset,
503 3530 533 3600 si
556 3528 652 3599 lacte
680 3527 855 3598 crisinon
883 3527 1089 3598 accessisset
1114 3527 1257 3599 alleria-

171 3727 177 3738 ,
224 3665 302 3749 tio;
335 3679 418 3730 nam
449 3652 624 3733 vidimus,
658 3650 790 3745 quibus
821 3647 934 3720 librae
964 3661 1037 3722 tres
1076 3650 1257 3744 sanguinis

134 3763 136 3770 ,
225 3781 428 3878 erupissent
461 3774 668 3856 enaribus,
699 3773 818 3866 paullo
845 3785 926 3867 post
955 3784 1073 3846 tamen
1102 3773 1257 3846 obiisset

225 3908 359 3980 malurn
375 3905 486 3996 item,
511 3901 542 3973 si
563 3898 688 3973 urinae
715 3897 988 3979 detinebantur,
1014 3898 1045 3968 si
1063 3899 1255 3970 lenticulae

229 4031 473 4108 delituissent,
496 4027 527 4100 si
546 4047 649 4118 aegre
668 4021 885 4118 erupissent,
911 4018 942 4092 si
957 4020 1088 4092 lividae
1106 4019 1256 4094 luissent
