2900 4874
282 336 323 398 to
431 331 481 398 DE
502 334 753 398 rnrsrotoclt
773 328 954 398 vernanti
975 321 1181 402 UNIVERSE.‘'

284 513 373 611 quid
403 515 487 586 inde
510 514 727 607 profecerint
746 513 838 606 ipsi,
864 524 936 586 tam
957 517 1042 586 artis
1069 536 1216 608 gruem
1240 531 1325 588 mo·‘

283 651 474 718 numenta,
500 648 638 707 statuae
658 638 849 730 praecipue
869 638 1018 708 deorum
1048 651 1086 707 et
1105 639 1325 719 hominurn,¹

284 785 393 855 quarn
416 759 626 829 immortalia
653 758 868 846 Graecorum
891 763 1022 856 scriptu
1041 762 1078 830 in
1102 765 1200 832 vario
1227 765 1327 834 doc·'

285 887 459 955 trinamm
498 905 626 974 genere
666 885 849 978 omnisque
890 885 1050 976 inprimis
1087 885 1326 977 philosophia·

171 1107 173 1110 Ι
287 1031 412 1100 graeca
446 1005 619 1086 declarat‚'
643 1029 736 1098 quae
765 1005 885 1076 indole
915 1009 992 1099 ipsa
1017 1031 1060 1076 ae
1081 1010 1219 1077 ratione
1250 1023 1327 1078 sua·

286 1131 381 1202 hanc
402 1131 545 1210 παιδεῑαν,
567 1129 660 1199 hanc
688 1130 950 1199 institutionem
975 1125 1021 1200 ad
1037 1130 1317 1207 humanitatem.

288 1255 463 1348 exprimit.
488 1251 631 1344 Spirant
647 1251 869 1322 haecomnia
885 1253 1000 1346 putori
1019 1271 1191 1336 umorem,
1204 1267 1326 1348 quern*

287 1378 327 1448 in
337 1377 556 1448 medicorum
569 1399 712 1468 quoque
730 1376 873 1468 scriptis
889 1375 1219 1458 animadvertimus,
1242 1365 1324 1471 quo»

286 1500 516 1580 factumest,
539 1508 583 1568 ut
609 1519 681 1567 non
709 1508 848 1568 tantum
870 1500 1092 1592 prognostica
1117 1499 1324 1591 Hippocra-

288 1625 360 1694 tica
379 1624 464 1716 ipsis
489 1633 639 1692 naturae
655 1619 845 1692 coloribus
870 1622 908 1691 in
936 1623 1057 1702 vultu,
1082 1620 1228 1701 habitu,
1254 1621 1318 1690 dc·

289 1746 415 1820 cubitu
441 1749 608 1841 omnique
642 1744 798 1835 corporis
825 1745 984 1836 positura
1008 1756 1046 1814 et
1073 1745 1230 1814 motione
1255 1744 1324 1814 <tea

289 1871 413 1963 pingat
433 1873 545 1940 varias
565 1874 618 1938 rei
640 1867 820 1951 fortunas,
845 1868 1077 1938 verumetiam
1095 1868 1322 1960 diagnostice

283 1983 456 2066 ‘Annrsnr
487 1991 690 2062 morborum
721 1990 891 2082 imagines
919 1991 1031 2063 oculis
1061 2001 1321 2084 repraesentet·

288 2115 422 2188 Annon
439 2116 477 2184 in
493 2114 550 2185 his
577 2113 810 2208 depingendis
830 2113 940 2205 magis
955 2125 1057 2208 typos
1083 2125 1121 2184 et
1142 2114 1328 2208 exempla-2

289 2241 369 2319 riu,
392 2237 501 2310 verbo
519 2237 654 2330 species
674 2237 945 2329 perfectissimas
975 2239 1142 2331 omnique
1166 2261 1323 2310 numero

290 2362 470 2433 absolutas
498 2358 747 2454 proposuerint
774 2360 962 2452 scriptores
994 2362 1126 2452 graeci,
1157 2361 1322 2453 jurame-

289 2485 360 2556 rito
386 2484 510 2578 quaeri
531 2493 660 2576 posset
707 2482 829 2575 anue
855 2483 901 2554 de
929 2507 1050 2553 caussa
1076 2482 1209 2554 iactum
1240 2507 1319 2554 esse

290 2609 468 2701 conjicio,
499 2605 597 2701 quod
619 2605 734 2676 nullas
759 2616 823 2677 eut
848 2605 906 2678 rix
935 2607 1024 2676 ullas
1047 2609 1323 2702 perscripserint

290 2732 551 2824 aegrotantium
576 2728 759 2808 historias,
791 2729 822 2797 si
856 2753 967 2800 unum
1003 2712 1157 2824 excipias
1187 2731 1322 2804 Hrrro=

292 2873 450 2924 cnsrmt:
477 2852 645 2949 quodque
669 2853 782 2945 ipsius*
797 2851 1059 2946 therapeutices
1078 2851 1226 2924 sormam
1244 2877 1318 2923 cer-

290 2999 416 3060 namus
438 2988 586 3048 teretem
604 2987 711 3070 atque
727 2974 934 3054 rotundam,
958 2998 980 3042 a
997 2997 1069 3068 qua
1087 2999 1194 3070 quam
1211 2979 1320 3071 longe

291 3102 351 3172 rel
374 3098 482 3170 hodie
503 3099 615 3178 absit,
638 3107 771 3168 norunt
788 3096 897 3190 periti
918 3108 955 3166 et
979 3099 1085 3191 aequi
1109 3121 1228 3170 rerum
1247 3102 1319 3172 hue

189 3231 194 3246 ’
291 3246 476 3295 manarum
497 3222 764 3294 existimatores.
862 3267 868 3282 ‚

298 3403 303 3412 .
340 3347 576 3417 Romanorum
591 3357 753 3416 naturam
764 3343 809 3414 ad
827 3342 1003 3436 agendum
1020 3347 1317 3438 aptametfictam

291 3470 470 3540 musculos
489 3466 655 3538 hahuisse
674 3480 711 3538 et
728 3490 859 3561 organa
873 3477 997 3536 motus
1015 3467 1133 3551 firme,
1163 3495 1236 3542 non
1262 3479 1317 3541 est

292 3593 389 3686 quod
417 3594 602 3669 miremur,
628 3614 779 3681 quorum
805 3590 918 3660 morbi
944 3613 1015 3660 non
1040 3593 1120 3662 solis
1148 3595 1314 3664 musculis

294 3715 587 3793 continebantur,
611 3737 734 3785 rerum
756 3716 849 3807 ipsos
865 3739 1012 3808 quoquc
1030 3717 1191 3788 tendines
1209 3732 1246 3791 et
1259 3740 1317 3787 ara

295 3839 423 3910 tioulos
434 3849 470 3908 et
485 3861 562 3908 ossa
572 3837 840 3930 prehendebant
850 3850 957 3932 atque
967 3839 1162 3912 accedente
1172 3844 1315 3914 luxuria

295 3959 505 4036 inlithiasin
517 3973 554 4032 ct
573 3961 797 4054 arthritidem
811 3939 1018 4044 evaserunt}
1044 3977 1106 4036 aut
1123 3965 1152 4034 si
1169 3963 1313 4040 maveli*
