2834 4874
673 657 881 692 -4-...

266 866 288 880 ..
367 843 1151 982 sappinorum.-sorn'trrrrr.
1282 868 1286 876 '

684 999 689 1007 ¹
710 995 810 1120 'isos

263 1362 273 1374 ·
307 1326 372 1398 Est
400 1319 631 1394 inflammatio
662 1317 824 1394 lancium
844 1341 1097 1412 gangrarum,
1121 1345 1213 1416 quae
1239 1314 1288 1392 ati

258 1447 437 1524 Anniam
462 1444 612 1538 aliisque
640 1455 806 1514 ueterum
826 1441 906 1536 jam
936 1442 1133 1536 descripta,
1166 1449 1290 1518 seculo

258 1571 403 1644 demum
418 1567 676 1640 decimosexto
697 1565 849 1638 e'xauute
868 1565 1076 1661 pandemiaa
1090 1583 1188 1640 more
1212 1571 1291 1639 sae-

258 1699 337 1770 vire
361 1695 504 1789 coepit,·
531 1691 653 1774 multis
675 1691 884 1784 praesertim
912 1689 1108 1760 infantibus
1134 1691 1293 1764 funesta.

256 1822 310 1894 De
326 1821 434 1890 '‘haot‘
453 1817 529 1889 oin
547 1813 731 1898 'faucibus
756 1814 881 1884 scribit
909 1817 1066 1888 Zrcrrrs
1094 1813 1292 1888 Laelianus

255 1941 374 2014 Pron.
399 1940 497 2012 Med,
513 1934 717 2018 Aeolia
739 1938 779 2016 L·
799 1933 881 2010 Oba.
898 1936 962 2010 99:
990 1959 1031 2008 er
1053 1919 1209 2012 humoris
1231 1939 1294 2012 vi·

254 2065 388 2136 ruleuti
417 2061 549 2143 affluxu
572 2061 769 2154 ’gignuntur
788 2059 1064 2130 carbunculosae
1091 2059 1293 2132 inflamma·

255 2187 391 2267 tiones,
416 2181 636 2279 quue'pestis
653 2183 752 2254 dirae
764 2216 782 2266 ,¹
801 2194 864 2254 aut
880 2183 1009 2254 veneni
1033 2184 1292 2277 promptissimi

253 2307 367 2381 instar
377 2327 394 2390 f
413 2307 577 2400 contagio
602 2308 757 2402 quodam
785 2328 914 2401 pueros
939 2316 977 2377 ot
1010 2305 1150 2378 adultos
1177 2311 1293 2379 eorri.

252 2433 360 2530 piunt
389 2441 427 2502 et
454 2429 562 2500 saeris
584 2427 987 2524 maleficentissimisque
1017 2432 1168 2524 stipatae
1195 2453 1292 2526 aym.

254 2553 652 2653 promatisaitirsimam
672 2575 797 2625 nauem
823 2553 955 2624 inferre
980 2553 1104 2626 solent.
1153 2557 1290 2628 Malum

251 2681 293 2751 in
310 2677 480 2771 Hispania
498 2699 570 2747 non
585 2677 708 2748 multis
725 2677 856 2748 abhiue
874 2677 975 2749 aunis
994 2675 1171 2772 frequens.
1196 2680 1289 2751 Vul-

254 2799 557 2898 gusrma'diu'orum
577 2799 727 2894 hispano
747 2797 907 2872 sermone
940 2803 1118 2894 garrotillo
1143 2827 1286 2873 nuncu..

253 2938 326 3022 pat.
345 2969 391 2990 -.-
413 2926 490 2996 llos
506 2922 578 2993 ruit
594 2923 734 3017 pressus
747 2926 887 3003 biennis
906 2924 1040 3010 iulans,
1066 2927 1283 3020 sanguineus

252 3060 291 3120 et
309 3049 447 3120 obesus.
496 3045 616 3118 Primo
641 3047 702 3116 die
727 3071 770 3117 er
796 3049 999 3118 catarrhosa
1020 3045 1222 3122 defluxione
1243 3053 1286 3122 in

252 3170 527 3244 miserationem
544 3191 657 3263 paene
676 3169 846 3250 incurrit,
871 3171 1064 3241 difficulter
1086 3167 1286 3266 respirabat

252 3303 291 3365 ot
309 3293 365 3364 lae
385 3290 608 3386 deglutiebat
627 3303 666 3362 et
685 3291 786 3364 lehre
806 3305 912 3365 acuta
938 3293 1090 3365 affectus
1112 3313 1180 3366 uuo
1203 3297 1284 3388 ple·

251 3439 330 3488 rare
363 3426 514 3512 poterat.
572 3417 618 3490 Iu
651 3428 759 3511 parta.
779 3420 948 3511 ⁴gutturis
979 3416 1104 3488 dextra
1135 3431 1284 3492 externa

114 3593 118 3598 .
251 3537 478 3634 glandulosae
499 3539 665 3632 apparuit
684 3549 801 3612 tumor
822 3541 1044 3613 cumdolore
1068 3543 1191 3616 multo.
1216 3545 1285 3616 Se.

251 3660 370 3734 eundo
389 3661 450 3735 die
470 3661 566 3733 intra
591 3661 712 3734 leuues
737 3665 839 3736 ulous
861 3663 971 3735 visum
993 3676 1048 3734 est
1071 3665 1117 3736 ad
1141 3668 1285 3760 nigrum

250 3806 420 3878 vergens,
444 3784 543 3886 quod
565 3789 741 3881 putrilago
765 3801 802 3859 et
829 3788 994 3858 mollities
1023 3790 1136 3860 multa
1166 3790 1283 3864 comi.

250 3907 437 3994 labuntur,
456 3921 495 3982 et
513 3909 561 3982 ab
581 3934 643 3981 ore
660 3911 775 3983 foetor
796 3911 975 3983 horribilis
989 3912 1168 4005 prodibat,
1186 3935 1287 4007 mag-

152 4077 155 4084 ·
251 4055 336 4110 uum
358 4045 457 4111 certe
481 4036 719 4136 corruptionis
745 4038 940 4132 completae
960 4035 1145 4111 iudicium.
1195 4037 1287 4114 Ter..
