2900 4874
329 401 528 467 ououul
567 401 867 466 erratrice.
1081 405 1120 468 6⁵

104 579 221 676 pinque
250 583 385 674 petita:
422 598 639 676 quamquam
676 606 749 653 non
773 581 927 664 infitior,
961 583 1001 654 in
1031 586 1117 678 ipsis

106 705 188 776 bisce
205 705 547 797 peregrinationibus
560 705 779 804 manifestari
792 707 1022 796 eretbisrnurn
1039 731 1120 779 ner.

107 851 233 907 rorum,
258 828 314 898 his
336 801 556 923 temporibus
570 829 684 918 ‘longe
703 827 847 920 lateque
867 828 1119 904 dominantem.

145 951 281 1022 Arctior
302 973 393 1026 ,vero
415 950 580 1046 cognatio
606 948 812 1024 tarantismo
838 951 1010 1027 Italorum
1035 978 1119 1026 cnm

108 1073 222 1144 chorea
256 1073 456 1167 epidemica
479 1072 568 1153 luit,
593 1071 657 1166 qui
685 1085 770 1146 utut
799 1097 949 1146 araneae
979 1101 1119 1149 veneno

107 1197 325 1279 adscribitur,
359 1197 493 1290 potiori
525 1197 610 1290 jure
641 1220 684 1267 ex
716 1195 865 1268 seminio
898 1199 969 1271 hAc
999 1212 1121 1274 aetate

108 1321 312 1412 epidemicc,
343 1343 452 1416 qnam
477 1343 521 1390 ex
545 1320 608 1390 tali
634 1321 798 1415 potentia
822 1334 976 1394 nocente
1004 1324 1119 1420 repeti

107 1455 220 1534 potest.
346 1517 351 1525 ,

147 1569 312 1640 Nimirum
330 1592 479 1642 araneae
500 1569 636 1664 species
660 1570 775 1640 estin
796 1568 929 1665 Apulia
949 1574 1123 1668 vulgaris,

109 1695 199 1785 mjus
216 1717 337 1767 morsu
357 1719 534 1768 venenum
558 1697 597 1762 in
617 1715 725 1764 venas
741 1693 884 1764 infundi
905 1696 1119 1777 credebant,

109 1817 208 1908 quod,
234 1818 305 1890 nisi
324 1818 548 1898 saltando,e
573 1839 717 1909 corpore
737 1817 865 1909 expelli
885 1840 988 1909 posse
1013 1841 1120 1911 nega-

107 1939 198 2027 bant-3
221 1952 439 2037 quaprapter
461 1948 688 2033 pareantum
710 1951 749 2012 et
770 1964 874 2015 sonos
892 1941 939 2012 ad
955 1941 1121 2014 choream

106 2064 337 2136 invitabantur
357 2064 502 2157 aegroti.
749 2159 752 2166 γ

160 2189 275 2258 Prima
303 2188 348 2260 de
377 2188 447 2258 hoc
477 2186 600 2259 morbo
630 2187 758 2260 relatio
788 2202 842 2262 est
872 2190 941 2263 viri
967 2191 1121 2264 litterati

106 2308 241 2385 limam
273 2313 452 2385 Pnaorrr:
487 2338 510 2383 a
534 2323 590 2383 est
619 2323 658 2382 et
688 2313 780 2394 alius
801 2314 940 2396 stellio,
973 2302 1121 2397 sdribit,

107 2458 144 2504 er
167 2460 370 2506 aranearum
405 2460 553 2528 genere,
578 2438 642 2530 qui
675 2437 780 2506 simili
809 2438 1123 2518 modoascalabo·

107 2567 153 2627 tes
176 2583 196 2628 a
219 2544 377 2636 Graecis,¹
395 2560 528 2631 dicitur
559 2572 597 2630 et
626 2561 759 2632 colotes
781 2572 821 2630 et
847 2562 1021 2653 galectes,
1045 2562 1121 2632 len-

106 2682 265 2774 tiginosus
283 2685 322 2758 in
345 2685 545 2756 cavernulis
568 2682 855 2765 dehiscentibus,
879 2677 953 2778 'per
982 2697 1120 2758 aestum

106 2815 209 2878 terrae
232 2808 408 2880 habitans.
458 2809 527 2879 Hie
554 2809 729 2902 majorum
759 2779 961 2878 nostrornm
987 2819 1121 2900 tempe-

104 2930 192 3002 ribus
216 2933 255 3004 in
281 2933 388 3003 Italia
415 2931 512 3002 risus
539 2931 729 3013 nonfuit,
760 2955 857 3002 nunc
889 2931 1056 3026 frequens
1081 2934 1121 3002 in

105 3055 225 3146 Apulia
253 3057 392 3130 visitur.
448 3054 653 3150 Aliquando
676 3057 785 3138 etiam
817 3055 856 3125 in
884 3055 1121 3150 Tarquinensi
1164 3121 1165 3126 ,

105 3188 139 3245 ot
162 3179 393 3262 Corniculana
423 3203 506 3273 agro
532 3191 572 3250 et
596 3179 702 3272 vulgo
740 3175 903 3251 similiter
941 3177 1119 3248 tarantnla

105 3315 251 3376 iocatur.
309 3304 444 3403 Morsus
487 3301 566 3394 ejus
605 3325 747 3396 perraro
776 3300 964 3396 ¹interimit
1005 3302 1120 3372 homi·

103 3447 194 3508 nem,
227 3425 498 3519 semistupidum
528 3437 647 3495 tamen
672 3425 821 3496 incitet
848 3425 946 3496 varie
975 3426 1118 3510 adlicit,

102 3553 304 3623 tarantulam
325 3550 431 3642 vulgo
451 3549 641 3642 adpellant.
674 3548 828 3642 Quidam
847 3562 956 3620 cantu
975 3550 1118 3634 andito,

103 3684 159 3743 aut
175 3699 257 3746 sono
276 3677 329 3744 ita
349 3667 567 3753 excitantur,
592 3684 636 3743 ut
652 3672 750 3766 pleni
771 3672 910 3747 laetitia
928 3686 966 3744 et
980 3698 1116 3768 semper

104 3795 248 3880 ridentes
272 3799 420 3878 saltent,
452 3821 520 3867 nec
547 3798 617 3866 nisi
642 3796 829 3890 defatigati
857 3809 894 3868 et
923 3800 1116 3872 semineces

103 3917 275 4004 desistant.
310 3920 386 3992 Alii
404 3943 541 4014 semper
558 3919 701 4002 flentes,
726 3922 828 4016 qnasi
842 3921 1019 3992 desiderio
1035 3949 1116 3996 suo.

103 4063 174 4114 rum
198 4045 433 4136 miserabilem
466 4045 576 4117 vitam
603 4055 716 4138 agant.
765 4044 843 4128 Alii¹
867 4044 942 4117 visa
969 4049 1117 4152 muliere

915 4165 933 4236 b
