2812 4864
356 353 407 438 nr:
437 377 652 442 assaumis
672 378 869 442 nouimus
1076 384 1142 451 sos:

106 587 194 635 unsa
226 559 278 630 idr
295 560 391 654 quod
416 561 454 630 in
481 562 623 632 rioinia·
651 558 778 631 oceani
809 559 915 651 vulgo
952 561 1134 643 observari
1239 616 1249 642 s

107 688 207 758 solet.
255 684 303 756 [lt
330 683 545 776 inalpibus,
581 665 777 756 seeundum
809 685 941 762 variam
969 685 1131 764 altitudi-

106 834 209 890 nem,
237 808 334 878 varia
363 807 541 900 vegetatio
566 817 637 878 ost:
664 806 778 877 minor
800 817 919 879 tamen
938 809 1133 902 gramineas

106 956 182 1004 rum
214 939 407 1026 proventus
439 931 600 1025 ideoque.
626 899 741 1000 minor
773 943 922 1024 quoque
950 933 1133 1006 ruminae·

65 1144 71 1150 Ι
105 1060 196 1128 lium
215 1055 346 1126 oultus.

105 1219 115 1232 ·
151 1164 329 1272 Europam
351 1175 619 1248 meridionalem
643 1185 715 1245 tres
734 1197 881 1267 magnae
909 1181 1136 1275 constituunt¹

105 1301 331 1397 peninsulae:
356 1299 548 1394 Hispania,
573 1299 698 1379 Italia,
725 1297 877 1374 Graecia
904 1325 989 1395 eum
1007 1304 1133 1382 insulis

105 1425 314 1500 rumoribus.
350 1461 369 1498 κ

471 1701 757 1730 ιιι-*-

264 1969 267 1977 ,
348 1920 402 1982 DE
420 1919 602 1982 ulsrlmu
643 1918 737 1997 (lsollr.
760 1917 899 1997 15-20.)

114 2229 118 2236 ·
149 2191 249 2263 llaeo
271 2187 457 2281 peninsula
482 2187 667 2282 pyrenaeis
695 2189 893 2270 montibus.
918 2189 1132 2263 mediterra-

103 2327 171 2387 heo
202 2311 314 2393 mari,
350 2309 442 2381 freto
482 2310 653 2382 herculeo
680 2324 718 2383 et
749 2336 884 2384 oceano
918 2314 1131 2396 terminata.

103 2435 379 2510 lorrnamshabet
401 2434 735 2528 quadrangularem,
760 2461 830 2507 neo
858 2457 1000 2530 magnos
1034 2437 1133 2508 sinuo

102 2563 338 2654 telluremque
369 2559 476 2630 altam
512 2573 719 2630 montosam.
768 2561 905 2633 Montes
939 2571 1022 2631 sunt
1053 2561 1132 2652 pri·

101 2685 290 2755 'mordiales
304 2682 477 2774 pluraque
496 2680 631 2752 habent
644 2683 806 2753 metalla:
823 2683 1022 2776 plumbum,
1036 2694 1133 2754 atam

101 2833 207 2889 num,
225 2808 387 2884 lenum,
412 2823 578 2894 ouprum,
595 2816 815 2898 argentum,
840 2805 1106 2901 hydrargyrum.
1232 2845 1235 2854 .

101 2965 107 2974 ·
160 2931 395 3022 Distinguunt
419 2929 519 2996 inter·
549 2929 728 3021 regionem
754 2929 928 3009 mediam,
952 2928 1133 2999 borealem

99 3063 140 3128 et
166 3054 455 3125 meridionalem:
488 3051 676 3143 siquidem·
696 3050 795 3120 nulla
834 3052 996 3143 Europae
1033 3053 1132 3144 regio

99 3187 174 3250 tam
195 3173 829 3272 latelpatentemjplanitiem‘editam
850 3173 1012 3244 exhibet:
1038 3199 1131 3269 quae

97 3316 283 3395 tamquam
310 3323 390 3393 pars
413 3299 607 3393 praeeipua
631 3297 744 3389 primo
768 3289 1014 3368 describenda.
1062 3298 1131 3370 Hie

93 3431 165 3499 aar
186 3425 416 3502 siccissimas,
442 3418 720 3490 fervidissimus:
746 3430 856 3489 noctu
884 3432 1001 3492 tamen
1015 3433 1056 3492 et
1076 3423 1131 3492 in·

96 3551 220 3622 terdiu
253 3547 379 3622 eoloris
412 3543 524 3640 gradu
557 3545 710 3622 multum
738 3541 934 3630 diversusg
967 3545 1131 3617 diversus

97 3699 243 3771 quoque
263 3682 398 3743 aestate
423 3693 464 3738 ae
484 3667 632 3762 hyeme,
657 3679 695 3738 et
712 3667 924 3761 pulmonicis
942 3668 1128 3752 inimicus,

96 3810 136 3869 et
153 3796 274 3892 generi
286 3817 492 3872 nervorum,
512 3803 549 3861 et
565 3792 696 3862 oculis:
717 3793 803 3862 hino
821 3792 1048 3885 pleuritides,
1067 3813 1131 3886 pa·

94 3919 388 4011 ripneumoniae,
406 3915 597 4009 phthisesss'
608 3911 694 3985 hiiio
716 3916 827 3985 ooliea
841 3917 1059 3986 atrocissima
1076 3916 1131 3986 hi-

94 4043 207 4124 liosa,
241 4065 349 4136 quam
378 4041 525 4112 colicam
557 4038 808 4112 madritensem
837 4038 1129 4132 adpellarerunt3

908 4158 947 4219 20
1036 4213 1038 4218 .
