2834 4874
281 385 340 448 154
559 379 1027 446 INTERMITTENTES.

331 563 466 638 Eodem
482 559 558 632 iera
576 573 735 658 tempora
748 565 951 657 apoplexiae
967 565 1005 634 in
1020 563 1127 635 Italia
1142 589 1303 662 regnasse
1402 527 1405 582 ἲ

282 689 447 764 teruntur
472 688 709 780 epidcmicae,
734 689 773 760 id
802 687 900 781 qnod
925 691 1058 781 scripto
1089 693 1307 786 consignavit
1404 687 1405 782 ξ

284 816 477 886 bactrum
503 809 595 907 opp.
610 789 614 804 ⁸
629 830 707 906 pag.
726 809 810 882 693.
856 833 878 880 ιι
897 811 1068 883 Proximis
1095 813 1152 885 lris
1170 817 1313 889 duobus

283 938 385 1010 naas
399 931 492 1007 root
508 945 546 1006 a
569 933 671 1006 rose.
698 931 763 1022 <sic
779 933 905 1025 resero
927 955 999 1004 non
1018 934 1131 1006 somn
1148 938 1187 1008 ra
1203 940 1310 1022 urae.
1404 913 1405 934 ¹

282 1061 345 1134 sed
367 1083 432 1156 per
459 1060 658 1130 universam
675 1079 768 1152 pene
789 1057 931 1127 Italiam
953 1079 1026 1129 nnn
1043 1058 1170 1154 exigua
1194 1059 1308 1134 homi·

282 1205 370 1257 num
387 1204 466 1279 pars
484 1181 667 1278 apoplexia
684 1180 794 1275 periit
819 1194 857 1251 et
876 1181 966 1252 adeo
985 1180 1190 1278 frequentas
1208 1192 1309 1256 eraut

284 1308 418 1380 funesti
438 1307 547 1400 hujus
563 1304 678 1376 morbi
697 1325 817 1386 casas,
841 1317 883 1377 ut
899 1306 1068 1378 instantis
1085 1309 1209 1380 mortis
1226 1307 1310 1381 hor·
1404 1393 1405 1396 Ἴ

282 1451 399 1502 rorem
439 1427 576 1523 singulo
612 1427 687 1498 lere
719 1439 898 1502 momento
932 1430 1139 1504 virentibus
1169 1433 1310 1503 inccta-
1404 1477 1405 1514 ;

281 1566 373 1626 rent.
430 1551 658 1648 Epidemicae
687 1551 796 1644 hujus
836 1551 1040 1648 apoplexiae
1077 1573 1200 1626 caussa
1235 1556 1310 1649 peti
1403 1533 1405 1624 l

279 1677 491 1773 juremerito
529 1687 648 1769 posset
684 1676 731 1745 ab
768 1677 909 1750 insueta
954 1677 1118 1766 illorum!
1139 1701 1309 1752 annorum

284 1802 377 1876 aeris
410 1797 633 1894 intemperie.
692 1797 820 1870 Aestas
851 1801 937 1870 anni
967 1798 1071 1874 1693.
1113 1813 1191 1875 erat
1223 1801 1312 1874 adeo

285 1944 455 2004 exurens,
479 1935 522 1992 ut
553 1919 728 2014 squallore
753 1932 792 1992 at
817 1922 978 1994 siccitate
1009 1925 1128 1996 omnia
1153 1926 1311 1996 consumi

282 2050 509 2131 viderentur3
534 2043 824 2138 subingrediente
844 2046 1055 2121 annotetis
1075 2046 1204 2144 frigora
1218 2071 1311 2119 sum·

283 2189 429 2264 mopere
450 2168 590 2239 intensa
613 2178 810 2262 coeperunt
830 2182 869 2241 et
886 2170 1028 2244 insueto
1048 2173 1176 2244 Italiae
1193 2193 1311 2253 more,

285 2295 389 2388 gelu,
423 2291 566 2364 nivibus
595 2285 635 2362 ct
673 2292 784 2384 glacie
817 2304 1008 2388 tempestas
1041 2297 1233 2370 saeviebat.
1265 2334 1312 2354 ·-

284 2421 386 2513 Quae
407 2417 597 2488 subsecuta
615 2427 669 2486 est
688 2425 803 2486 aestas
831 2419 945 2488 multo
969 2417 1040 2491 luit
1058 2422 1239 2492 ardentior
1256 2443 1313 2496 su·
1403 2439 1404 2462 ι

282 2543 425 2638 periore
449 2549 488 2610 et
514 2561 578 2632 per
608 2539 795 2610 continuos
824 2541 984 2636 quinque
1022 2567 1160 2616 manses
1193 2547 1309 2616 nullm

284 2665 427 2760 pluviae
454 2675 714 2755 apparuerunt,
748 2662 817 2733 hae
847 2676 967 2736 autem
997 2681 1192 2763 coeperunt
1220 2670 1315 2742 circa

285 2786 461 2860 Kalendas
482 2787 655 2859 Octobres
675 2797 714 2857 et
734 2783 906 2857 flantibus
927 2812 1065 2883 semper
1081 2795 1208 2864 austris
1227 2815 1314 2864 eon·

283 2914 472 2984 tinnarunt
501 2931 615 3004 usque
646 2909 695 2979 ati
724 2929 881 2982 mensem
912 2913 1046 3005 Aprilis
1067 2916 1176 3009 hujus
1203 2919 1308 3000 amri,

284 3055 357 3132 quo
375 3034 466 3105 baec
489 3032 622 3112 scribo,
644 3031 757 3115 1695,
782 3043 953 3128 tantaque
968 3039 1070 3132 copia
1087 3039 1309 3124 oeciderunt,

285 3173 332 3232 ut
346 3169 427 3253 post
444 3155 627 3227 bominum
645 3156 848 3226 memoriam
871 3157 970 3230 visae
986 3185 1058 3234 non
1075 3162 1209 3236 fuerint
1226 3165 1310 3236 nbe-

286 3284 413 3372 riores;
439 3301 520 3352 nam
545 3288 626 3372 post
649 3279 693 3349 15
713 3281 790 3350 dies
816 3281 1016 3375 pluviarum
1043 3287 1099 3357 vix
1125 3287 1197 3358 duo
1219 3312 1310 3358 sere·

283 3407 408 3477 nitatis
426 3402 662 3498 apparebant,
688 3427 777 3500 quos
800 3405 920 3476 stetim
950 3409 1162 3501 copiosiores
1183 3413 1310 3484 imbres

283 3527 600 3624 subsequebantur.
743 3615 751 3626 ι

332 3655 402 3725 Per
427 3647 493 3721 has
520 3649 630 3742 igitur
658 3650 817 3722 insuetas
839 3673 1011 3724 annorum
1040 3657 1310 3732 constitutiones

284 3774 489 3871 apoplexiae
528 3771 752 3867 supradictae
790 3777 1003 3850 saevierunt.
1057 3781 1204 3856 Praeter
1236 3786 1309 3856 illas

284 3912 406 3970 tamen
433 3897 654 3970 occasionem
680 3920 823 3995 quoque
854 3903 939 3972 dare
969 3916 1165 3996 potuerunt
1190 3909 1308 3979 morbo

283 4039 461 4096 moerores
476 4031 515 4095 et
529 4020 745 4098 domesticae
761 4047 883 4110 curae,
909 4029 1071 4102 omnibus
1085 4055 1200 4127 pacne
1218 4053 1307 4115 coms
