2900 4874
256 379 294 445 li
536 376 1000 442 tto-tralationem.

255 553 606 657 paroiysiriisremrm
633 561 765 632 oblivio
790 573 828 631 et
857 565 953 630 veois
981 563 1154 642 (iniectio,
1179 568 1284 658 pedi·

255 691 322 758 bus
356 686 590 779 manibusque
623 685 778 778 frigidis,
814 709 932 781 neque
968 688 1074 758 orises
1109 693 1283 759 notaban—

252 825 330 893 tur,
354 825 422 880 noo
440 800 535 898 sitis,
560 801 631 880 nec'
650 808 817 880 delirium
834 808 947 890 ferox,
973 811 1035 882 sed
1051 811 1164 887 status
1183 837 1282 906 pror-

128 1019 136 1030 ·
255 941 314 1009 su's
345 945 543 1006 comatosus
574 946 611 1004 et
643 933 851 1033 languidus,
886 934 953 1006 sub
994 957 1066 1028 quo
1104 935 1281 1036 peribant.

252 1064 444 1134 Praeterea
477 1058 738 1150 grassabantur·
756 1057 872 1128 febres
905 1060 1206 1140 intermittentes,
1231 1059 1283 1130 ir·

254 1187 447 1278 regulares,
474 1206 606 1276 vagae,
629 1184 667 1254 iu
689 1180 875 1254 oedemata
900 1194 938 1252 et
961 1182 1136 1277 hydropes
1151 1185 1285 1255 termi-

256 1309 422 1380 minatae.
471 1305 593 1400 Atque
612 1329 693 1376 oum
714 1317 944 1412 symptomata
965 1307 1115 1400 gastrioa
1135 1330 1287 1403 praera-

257 1435 392 1513 lerent,
418 1453 539 1502 omnes
558 1429 633 1502 sive
655 1453 696 1499 ex
710 1429 842 1523 longis,
869 1429 944 1504 sive
960 1455 1001 1501 ex
1021 1433 1135 1502 acutis
1151 1433 1283 1504 morbis

259 1566 480 1649 aegrotantes
505 1579 546 1624 ex
566 1555 701 1626 ventris
721 1555 870 1626 maxime
902 1555 991 1628 vitio
1019 1556 1167 1650 periere.

307 1681 382 1782 Hpo
405 1677 572 1778 graphica
591 1676 705 1747 morbi
727 1677 965 1773 descriptione
985 1681 1173 1763 doeemur,
1198 1679 1285 1752 luis·

253 1783 464 1876 ”se'lebieirr‘
478 1781 662 1873 a'r'd'entein
677 1799 858 1880 biliosum,
885 1805 988 1896 cnjus
1018 1805 1154 1895 generis
1174 1805 1284 1875 etlam

254 1941 347 1998 tuno
375 1915 551 2018 temporis
568 1925 754 2018 phlogoses
788 1926 897 1997 irrisae
926 1927 1104 1998 videntur.
1154 1927 1286 2024 Itaque

254 2052 352 2120 liaeo
369 2031 478 2119 sobrie
499 2049 667 2142 pestilens
690 2047 907 2120 Graecorum
932 2051 1131 2120 revocanda
1156 2061 1212 2122 est
1240 2044 1287 2122 ad

254 2173 420 2267 'magnam
446 2169 647 2242 morborum
665 2165 870 2243 bilidsorum
897 2176 1048 2254 tribum,
1074 2173 1177 2266 cujus
1206 2193 1288 2266 pro·-

256 2293 438 2391 totypurir··
451 2293 612 2365 febrilem
633 2297 679 2366 ob
707 2275 811 2380 eum,
834 2317 905 2393 quo
928 2297 1201 2390 insigniebatur,
1227 2295 1289 2366 ae'·

256 2433 373 2500 stum,
399 2416 479 2488 sive·
495 2414 653 2490 ardorem
672 2421 869 2503 internum,
901 2417 1073 2502 Causam,
1099 2421 1137 2491 id
1157 2433 1212 2491 est
1231 2419 1288 2491 le*-

259 2541 363 2614 brem
385 2544 568 2612 ardentem
590 2545 719 2617 Graeci
739 2535 1021 2623 nominaverunt,
1131 2521 1134 2528 ’

255 2661 265 2699 ·’
313 2669 358 2738 Iri
381 2665 474 2737 libro
492 2667 538 2738 de
557 2669 715 2738 Historia
735 2660 933 2740 Medicinae
955 2667 1288 2748 animadvertimus,

251 2785 399 2886 'fibram
444 2803 604 2883 spectare
641 2794 810 2887 pleraque
852 2789 924 2862 tam
974 2791 1264 2885 Asclepiodorum
1276 2799 1290 2872 ¹,

264 2939 369 3014 quam
400 2917 639 2986 ¹Hu’r’ocrtarr's
668 2918 850 3010 praesagia
879 2919 1042 3010 ipsasque
1051 2917 1069 2998 ,²
1097 2938 1189 3010 quae
1216 2933 1291 2986 me-

263 3051 460 3120 morantur,
471 3038 675 3133 phlogoses,
696 3042 771 3130 sire
788 3041 1020 3136 phlegmasias
1035 3063 1108 3109 non
1125 3051 1196 3109 tam
1210 3063 1292 3134 pro-

265 3164 482 3260 topatbieas,
516 3187 622 3259 quem
647 3133 962 3258 ⁸deuteropathioas
990 3161 1118 3233 luisse:
1144 3163 1292 3256 phreni-

255 3290 416 3360 tidesm
436 3312 465 3358 o.
491 3287 762 3378 etpleutitides
791 3299 830 3358 et
849 3287 1019 3380 anginas,
1036 3301 1142 3380 quae·
1156 3287 1294 3358 deseri-

254 3413 420 3494 buntur,
446 3412 553 3485 luisse
575 3411 690 3482 febres
717 3411 954 3505 phrenitioas,
979 3409 1205 3502 pleuritioas,
1231 3413 1292 3484 ari·

255 3539 414 3633 rgiuosas.
462 3537 572 3628 Cujus
603 3542 657 3608 rei
688 3560 785 3611 nuno
800 3534 946 3610 'habere
980 3559 1044 3604 nos
1072 3534 1292 3604 commodam

255 3662 534 3754 ‚intelligentiam
551 3659 667 3730 'nobis
682 3658 872 3738 ¹videmur,
898 3659 927 3728 si
953 3659 998 3728 a‘d
1026 3655 1124 3728 hune
1151 3658 1295 3728 charae·

255 3799 379 3860 ‚terem
408 3785 584 3860 Graecum
607 3783 820 3856 morborum·
833 3782 1012 3856 fabrilium
1048 3781 1294 3855 adtendamus.

190 3991 193 4002 Ι
231 3885 438 3984 ἰΝἰηιὶτιιιιι
457 3907 762 3978 'inflammationes
787 3931 914 3988 verae,
948 3929 1152 4001 germanae,
1176 3917 1296 3998 proto·

256 4007 430 4132 ,parthicae
452 4032 561 4124 magis
587 4033 773 4123 regionum¹
795 4030 1123 4125 septentrionalium
1149 4042 1230 4102 sunt
1252 4029 1297 4100 il·
