2812 4864
491 391 692 476 tisri.
1080 387 1144 464 sta
1233 425 1235 429 -

106 597 188 644 nem
218 574 362 666 attingit
390 573 519 665 glacies
551 573 701 665 potoria·
741 569 932 640 Accedunt
963 573 1060 642 venti
1091 573 1136 643 ab

108 699 295 770 occidente
329 711 458 768 terram
491 697 654 788 frigidam
682 706 926 790 peragrantes,
966 697 1135 791 quodque

106 844 170 916 per
196 843 335 892 omnem
353 820 474 892 Asiam
492 832 630 913 regnat,
656 821 759 890 clima
783 818 1048 902 continenda,
1073 845 1134 892 ae·

106 958 217 1016 states
245 927 398 1024 italides,
422 942 576 1036 ‘hyemes
605 943 748 1035 frigidas
777 935 922 1012 habensss
977 943 1037 1014 lib
1070 945 1132 1016 illa

105 1069 323 1139 continentis
353 1067 490 1137 asiatici
521 1066 711 1136 latitudine
738 1066 959 1160 climatisque
974 1063 978 1070 ’
993 1067 1130 1138 asiatici

104 1163 527 1262 similitudine·manavit
554 1189 681 1284 partim
711 1167 828 1260 cultus
857 1175 1130 1284 traditionisipne

105 1316 308 1387 communio
327 1324 630 1408 atque‘potestas,
655 1314 785 1407 quibus
811 1312 896 1382 Asia
914 1312 1131 1383 incunabula

102 1441 290 1533 primaque
314 1436 439 1507 domus
468 1437 639 1507 infantiae
667 1437 803 1529 generis
823 1435 969 1504 humani
995 1439 1132 1516 exstitit

98 1575 141 1633 et
161 1563 210 1633 ab
226 1563 363 1653 criente
384 1559 429 1628 ad
448 1560 669 1650 occidentem
696 1579 875 1653 progressa
900 1569 982 1628 sunt
1000 1562 1130 1627 artium

97 1687 405 1778 'scientiarumque
421 1685 623 1755 rudimenta
637 1707 708 1754 non
725 1693 878 1763 tantum,
896 1681 1133 1754 verumetiam

96 1799 319 1881 'morborum
335 1807 500 1898 germina.
716 1813 718 1822 ’
1125 1813 1130 1824 “

95 1917 102 2012 ,’
155 1935 209 2004 Ex
238 1932 294 2000 bis
320 1930 464 2024 quidem
499 1933 626 2026 pestis,
660 1931 779 2030 lepra,
815 1929 967 2004 variolae
1001 1959 1130 2006 memo·

96 2058 236 2140 rendae
260 2068 362 2126 sunt:
387 2079 537 2148 quarum
562 2057 674 2148 prior,
709 2056 777 2126 etsi
801 2056 909 2128 Asiae
940 2043 1128 2132 finitimam

94 2181 294 2274 ·AEgyptum
325 2179 474 2270 patriam
500 2177 655 2260 habeat,
692 2181 820 2252 multas
850 2191 968 2264 tamen
999 2182 1128 2266 Asiae,

94 2299 311 2396 praesertim
347 2301 493 2372 minoris
523 2303 684 2394 regiones
711 2315 782 2373 tam
816 2305 939 2376 crebro
976 2307 1133 2392 invasit..

95 2437 140 2495 ut
171 2427 270 2494 inter
303 2423 445 2492 morbos
482 2425 679 2496 endcmios
697 2427 821 2500 referri
854 2431 983 2521 possit,
1018 2429 1128 2500 labris

94 2547 326 2639 ‘contagiosae
356 2559 476 2640 typum
496 2547 679 2630 obterens.
703 2553 999 2643 quemadmodum
1029 2554 1127 2646 lepra

9 2677 13 2692 '
97 2671 291 2741 cachexiae
312 2693 353 2738 ac
372 2669 584 2762 dyscrasiae,
611 2671 764 2744 seriolae
782 2676 937 2770 denique
957 2671 1128 2745 exanthess

94 2777 207 2868 matis
226 2791 361 2862 febrilis
381 2761 591 2888 exempldiia
615 2807 708 2865 sunt.
757 2797 807 2867 Ex
828 2799 1037 2868 neurosibns
1063 2823 1126 2868 co·

94 2918 188 3002 plica,
218 2942 261 2988 ex
278 2916 409 2987 morbis
428 2919 656 2990 miasmaticis
675 2920 913 2990 intermittens
931 2933 968 2989 et
985 2919 1126 3006 cholera

95 3043 144 3114 ad
170 3040 394 3135 peninsulam
421 3041 566 3122 Indiae,
592 3042 756 3112 interris
780 3043 958 3138 paludosis
983 3043 1127 3138 deprcs-

94 3167 163 3246 sis,
190 3165 365 3256 pertinet.;
390 3164 487 3234 unde
507 3186 620 3258 nuper
637 3191 699 3258 per
722 3190 862 3239 omnem
878 3167 997 3236 orbem
1018 3167 1127 3252 Asiae

93 3300 137 3358 et
164 3289 328 3380 Europae
360 3287 546 3358 cultiorem
585 3289 760 3382 dispersa,
793 3289 1004 3382 pandemiae.
1031 3313 1128 3362 more

95 3411 229 3480 saeviit
245 3431 476 3506 magnamque
493 3411 608 3482 edidit
622 3412 804 3482 hominum
821 3423 986 3504 stragem,
1003 3435 1128 3507 quem·-

96 3523 291 3605 admodum
310 3551 415 3625 supra
434 3533 703 3605 memoravimus
728 3532 785 3627 (¹⁵).

97 3863 102 3870 ·
137 3829 193 3903 Ἡ)
223 3828 281 3888 Hac
307 3831 370 3887 sunt
390 3833 575 3907 tempestatum
595 3829 625 3890 in
645 3836 718 3892 tarra
745 3799 903 3910 Bergalaasi
927 3831 996 3892 vices
1022 3837 1126 3894 notatam

94 3935 126 3994 in
141 3937 208 4008 Jrc.
227 3939 362 4009 imum
381 3935 544 4000 Rouana
563 3939 639 4000 Toni.
650 3937 676 4000 Ι.
696 3958 755 4018 pag.
775 3939 830 4003 103
850 3959 905 4026 seq.
946 3941 1061 4020 Tempus
1077 3943 1131 4020 fri-5

92 4041 192 4120 gidum
221 4045 314 4126 incipit
340 4045 487 4105 Novembri
506 4065 542 4104 ra.
564 4047 660 4106 desinit
690 4068 729 4108 m.
753 4048 912 4118 Februario.
953 4049 1042 4132 Medio
1068 4052 1130 4115 Oct.

93 4158 237 4229 tempestas
250 4154 308 4231 jam
336 4161 467 4214 mutatur.
510 4157 545 4214 tt
564 4157 629 4220 Not.
653 4178 691 4221 m.
712 4165 849 4239 tempestas
866 4160 896 4219 bt
916 4131 1028 4234 serena}
1049 4161 1130 4220 llante
