2834 4874
237 363 279 423 76
428 361 551 423 MORBI
582 362 696 424 ORBIS
716 365 815 426 Notl.
836 401 874 416 -
896 371 1074 432 SYPHILIS.

237 543 437 639 adpetitum
459 542 604 624 fortem,
628 544 867 618 deelinantem
888 550 932 619 ad
952 552 1152 643 adpetitum
1171 547 1271 626 oani³
1398 597 1399 600 =

238 693 336 741 num.
358 666 579 742 Aluhumata
604 666 687 755 (hoc
706 671 849 739 nomine
868 679 1066 768 nuncupat)
1091 689 1146 748 est
1162 683 1270 774 magis

237 797 378 868 eleuata
404 811 508 886 supra
538 802 657 860 cutem
687 804 724 861 et
747 794 890 885 majoris
913 801 1125 890 quantitatis
1156 805 1270 874 conti·

238 943 333 991 nuae
349 939 456 1012 quam
479 915 642 987 variolae.
669 917 740 987 Sed
756 916 980 989 Aluhumata
996 935 1052 994 est
1072 947 1166 1008 rara,
1194 951 1270 1020 spa·
1399 1009 1400 1012 Ἴ

237 1043 331 1114 tium
347 1040 505 1112 notabile
528 1063 663 1133 ponens
681 1039 776 1140 inter
802 1045 983 1135 pustulam
1013 1058 1052 1117 at
1078 1051 1270 1142 pustulam.¹

109 1253 115 1264 ,
238 1171 385 1259 Semper
405 1175 489 1236 sunt
507 1163 601 1234 latae
628 1163 763 1236 formae
790 1167 865 1238 sive
890 1167 1045 1261 figurae,
1069 1174 1155 1268 quia
1176 1197 1271 1246 nun·¹

236 1315 344 1388 quarn
365 1289 580 1384 perveniunt
601 1289 647 1360 ad
665 1289 814 1382 liguram
835 1292 1035 1362 rotundam.

241 1431 245 1438 '
284 1416 370 1486 Erat
389 1425 508 1484 autem
530 1413 708 1506 quaedam
730 1413 892 1484 dolorum
917 1425 956 1485 et
977 1419 1200 1508 pustularum
1217 1421 1271 1494 ri·
1400 1397 1401 1404 ἵ

238 1538 422 1610 eissitudo.
470 1535 628 1606 Postulis
652 1538 746 1607 enirn
760 1537 1025 1630 multiplicatis,
1050 1541 1150 1612 dolor
1176 1543 1273 1613 tolli·

238 1679 315 1744 tur,
342 1662 412 1732 illis
429 1682 516 1730 vero
535 1659 703 1743 sublatis,
724 1657 785 1730 bio
797 1661 948 1730 validior
963 1667 1150 1754 reperitur.
1177 1665 1272 1759 Qua·

237 1798 383 1885 propter
404 1785 514 1866 TAM,
543 1784 660 1854 morbi
682 1786 803 1865 testis,
824 1784 959 1898 aliquiri
986 1787 1099 1857 eritioi
1125 1788 1271 1860 subesse
1401 1827 1402 1864 1

237 1925 338 1983 ratus
357 1921 411 1982 est
431 1919 468 1978 et
485 1905 681 1989 Aturus,
703 1909 852 1980 aliosde
872 1909 997 1979 morbo
1016 1911 1182 2003 scriptor:
1209 1909 1276 1981 hae¹

238 2039 366 2108 bentes
386 2032 547 2126 pustulas
566 2029 763 2100 eminentes
781 2033 911 2102 multas
929 2045 966 2102 et
982 2033 1121 2103 dolores
1139 2054 1271 2126 paucos

240 2159 383 2233 facilius
405 2155 540 2235 aurati,
565 2175 673 2250 quam
692 2155 756 2248 qui
774 2157 936 2249 opposito
954 2157 1060 2226 modo
1077 2180 1115 2228 se
1135 2157 1271 2230 habent
1402 2249 1403 2264 χ

240 2297 279 2356 et
304 2281 368 2376 qui
394 2279 507 2350 nodos
527 2277 679 2359 habent,
700 2279 764 2374 qui
786 2280 918 2372 gummi
937 2280 1130 2374 vulgariter
1152 2283 1273 2378 adpel-

238 2410 378 2486 lantur,
404 2403 586 2475 difficilius
605 2402 756 2471 caeteris
775 2403 910 2484 autari,
937 2404 1152 2490 observarit.

289 2529 389 2624 Quae
412 2527 516 2598 initio
536 2523 603 2595 sub
625 2523 739 2594 morbi
762 2529 904 2596 eutanei
932 2529 1050 2621 speeie
1076 2531 1272 2623 adparebat

240 2657 338 2735 lues,
362 2652 531 2746 deinceps
560 2649 630 2719 alia
655 2635 934 2744 lorma'prodiit.
984 2651 1029 2721 Id
1052 2653 1149 2747 quod
1177 2656 1273 2726 Lart-

244 2799 342 2858 orus‚
368 2777 650 2853 Fusctsroatus,
676 2771 813 2857 Cnsro,
842 2776 902 2847 alii
924 2777 1165 2848 notaverunt
1179 2779 1276 2854 Fas·

246 2921 406 2976 casrottu
430 2900 570 2982 locum,
596 2920 691 2969 ama
719 2897 887 2981 citatum,
913 2901 1057 2981 videre,
1084 2902 1113 2970 si
1136 2901 1274 2994 placet,

117 3033 121 3044 “
237 3026 407 3124 'poteritis
427 3024 465 3092 in
483 3023 577 3093 libro
598 3024 713 3093 altero
739 3023 781 3091 cte
802 3019 892 3094 Arte
914 3019 1071 3092 Medica.
1121 3025 1274 3097 Liseus

243 3163 365 3224 autem
384 3147 528 3234 scribit:
562 3145 702 3217 »foeda
719 3147 849 3217 atroeis
867 3147 981 3216 morbi
999 3147 1120 3218 ultera
1140 3149 1273 3219 rariora

244 3290 284 3348 et
319 3272 505 3369 pauciores
539 3270 704 3364 pustulae
741 3270 1010 3362 conspiciuntur
1022 3320 1033 3353 ‚
1072 3271 1203 3364 quibus
1235 3272 1274 3342 in

242 3398 421 3495 principio
445 3407 521 3465 tota
550 3394 706 3487 eorporis
733 3392 843 3463 moles
875 3395 1035 3464 scatebat
1060 3407 1099 3464 et
1124 3398 1272 3466 materia

237 3511 392 3594 'doloris'
408 3520 448 3588 in
471 3520 631 3612 pustulas
659 3515 905 3586 insumebatur
925 3530 962 3587 et
991 3519 1074 3588 ideo
1105 3541 1172 3588 nec
1198 3532 1271 3589 tam

245 3646 359 3718 saeuis
375 3641 555 3714 doloribus
574 3654 735 3734 aegrotos
753 3639 955 3734 adfligebat.
1001 3642 1053 3712 At
1070 3643 1174 3713 modo
1194 3663 1276 3713 con·

245 3779 335 3849 stat,
367 3767 464 3862 quod
495 3765 608 3835 omnis
641 3788 725 3836 sane
757 3765 938 3858 contagio,
975 3777 1110 3858 quanto
1144 3767 1223 3859 plus
1252 3787 1274 3837 a

243 3900 357 3992 prima
372 3891 508 3985 origine
525 3888 654 3969 distat,
681 3900 781 3961 tanto
798 3888 893 3959 illius
908 3889 1093 3958 seminaria
1111 3913 1153 3958 ex
1171 3889 1273 3960 adus-

243 4022 344 4096 tione
362 4014 441 4088 fieri
457 4013 624 4097 sioeiora;
648 4039 721 4108 qno
739 4013 800 4094 fit,
826 4024 867 4084 ut
889 4033 961 4081 non
977 4013 1067 4083 adeo
1088 4013 1273 4084 confertim
