2872 4870
551 613 843 648 mmm

171 859 180 868 ·
232 874 253 901 ι,
309 783 537 906 ,unonttltt
565 831 784 894 nectunn
816 827 1069 896 stertunt.

172 1111 177 1118 ·
224 1074 372 1147 Talibus
391 1073 458 1146 snb
480 1073 648 1170 auspiciis
666 1070 821 1156 exoritur
844 1071 1003 1142 seonlurn
1026 1047 1203 1146 deoimnm

169 1201 391 1294 septimum,
415 1199 483 1268 sub
503 1201 606 1292 enjus
631 1197 774 1268 initium
801 1213 870 1288 per
888 1195 1027 1264 ltaliam
1054 1207 1091 1266 et
1114 1200 1205 1270 rioi-

174 1322 277 1392 oinae
303 1323 465 1414 regiones
492 1332 686 1416 regnarunt
712 1317 922 1414 pleuritidea
953 1329 990 1390 et
1016 1319 1203 1415 pleurope·

171 1445 442 1538 ripneamoniaa
474 1446 742 1540 erysipelaoeae.
797 1440 857 1512 Ab
892 1439 1059 1525 auo'tore,
1093 1443 1202 1538 hujus

169 1567 344 1662 temporis
366 1579 474 1650 teste,
499 1568 686 1641 dicuntum
703 1565 929 1661 pleuritidos‚
954 1567 1119 1660 anginae,
1133 1555 1200 1640 de·

171 1691 385 1764 titillationes
410 1670 658 1773 oontnmaoes,
691 1690 809 1762 febres
831 1688 916 1757 mali
938 1689 1063 1770 moris,
1088 1713 1200 1783 pneu-

169 1815 311 1884 moniae
326 1814 543 1907 complures,
570 1816 642 1884 cito
663 1837 786 1908 aegros
798 1783 1060 1898 interimentes}
1078 1811 1199 1907 deque

167 1937 214 2012 iis
241 1937 333 2008 alius
359 1937 449 2008 haee
471 1937 599 2009 refert:
625 1935 771 2010 historin
796 1936 984 2032 pleuritica
1013 1946 1053 2004 et
1078 1937 1199 2028 perip-
1252 2009 1254 2014 ,

167 2061 402 2143 rreumonioa‚
426 2085 521 2155 qnae
544 2060 692 2133 leminea
717 2061 924 2157 praesertim
945 2073 983 2132 et
1000 2083 1102 2130 aenea
1123 2061 1196 2130 oal-
1317 2070 1322 2082 “

166 2185 299 2254 lienses
322 2197 360 2256 et
387 2184 596 2258 canthianos
620 2186 667 2257 ob
696 2188 825 2260 virium
847 2184 1127 2256 imbecillitatem
1157 2195 1195 2256 et

167 2319 314 2378 naturas
337 2309 412 2402 jam
447 2308 747 2411 destillationibus
764 2323 802 2383 et
828 2295 1000 2380 ortamhis
1026 2309 1196 2380 obnoxias

168 2430 367 2524 epidemioe
385 2431 585 2515 interleoit,
609 2423 717 2506 etiam
736 2434 1052 2529 praeteritisnnnis
1067 2433 1194 2528 quam

164 2555 338 2650 plurimos
367 2556 509 2638 Urbini,
534 2553 674 2630 Pisauri
695 2533 854 2652 Fanique
878 2557 1049 2628 citissima
1078 2569 1192 2634 morte
1223 2603 1228 2615 ·

165 2693 312 2775 propter
331 2679 415 2750 anni
434 2679 596 2773 frigidam
617 2681 800 2753 humidam
816 2692 854 2753 et
871 2681 1030 2782 niyoraru
1056 2681 1208 2754 onusti-s.
1249 2677 1254 2687 '

163 2781 341 2876 tutionem
370 2816 408 2882 et
440 2806 716 2906 subsequentem
752 2807 993 2904 aquilonarem
1032 2804 1197 2906 demste-

162 2928 251 3003 rit.”
963 2929 964 2934 ’

209 3054 416 3148 Regnarunt
436 3052 560 3126 eodem
580 3067 749 3150 tempore
781 3029 911 3150 pertis,
936 3053 1063 3146 angina
1087 3051 1191 3122 nloea

161 3199 246 3252 rosa
264 3151 426 3270 'maligno
455 3189 492 3248 et
516 3179 730 3274 dysenteria.
779 3180 942 3272 Anginae
973 3177 1194 3270 epidemioao
1309 3157 1313 3168 ¹

160 3301 386 3394 contagione
409 3300 448 3368 in
468 3301 637 3394 Hispania
664 3303 816 3396 primum
839 3305 953 3381 visae,
978 3300 1100 3394 ibique
1125 3299 1194 3370 snb

160 3425 305 3500 nomine
326 3424 534 3496 earbunonli
552 3427 712 3518 nnginoei
731 3427 838 3520 volgo
867 3435 992 3507 notae,
1017 3423 1108 3495 illud
1126 3447 1193 3516 po·

160 3545 296 3618 ouliare
315 3546 516 3631 habebant,
538 3549 636 3644 qnod
654 3572 726 3620 non
746 3561 886 3622 tantum
904 3549 1042 3630 lanoes,
1066 3569 1193 3627 nares,

158 3669 404 3766 oesophagus,
437 3672 679 3757 ventriculus,
716 3675 948 3746 vemmetiam
982 3670 1127 3742 trachea
1154 3680 1193 3742 et
1322 3733 1325 3740 .

159 3794 347 3892 pulmones
376 3793 498 3865 morbo
526 3795 833 3888 prehenderentur
859 3798 1023 3890 outisqne
1045 3783 1209 3866 in'vlois⁴

157 3918 219 3994 nia
247 3919 495 3990 exanthemate
528 3917 637 3988 rubro
670 3921 876 4012 tingeretur.
936 3920 1044 3990 Anno
1069 3929 1191 3995 nutent

158 4034 263 4124 toto.
288 4042 397 4142 postis
416 4042 476 4116 illa
497 4015 664 4140 engitman
691 4054 791 4118 tanta
814 4043 1002 4119 atrocitate
1026 4067 1089 4142 per
1113 4042 1193 4118 flis-
