2834 4874
372 391 836 456 tnttntttrtntttts
1063 395 1122 454 tta

80 575 188 644 forta:
229 575 277 642 ab
301 577 428 668 opiatis
459 598 542 645 vero
570 571 750 664 lethargus
774 585 837 642 aut
867 573 958 642 altus
994 585 1116 666 stupor

79 701 332 768 metuendus.”

137 825 230 894 Cum
265 822 320 892 his
345 823 516 898 thttsn
550 820 857 892 observationibus
887 825 1115 894 consentiunt

78 948 351 1018 observationes
387 947 595 1016 Srnanntnt
634 958 714 1040 post
751 947 943 1015 triennium
987 947 1113 1019 factae.

78 1073 223 1142 Etenim
252 1071 313 1140 hic
343 1072 597 1141 constitutione
620 1069 818 1163 epidemiea
841 1070 953 1162 primo
982 1071 1114 1142 deseri·

78 1209 136 1286 pta
177 1217 277 1264 anno
304 1193 549 1266 leot-1664.
584 1217 746 1286 regnasse
776 1193 886 1264 tradit
916 1193 1032 1264 febres
1062 1199 1116 1266 in-

79 1321 326 1389 termittentes
346 1319 568 1388 autumnales
586 1319 666 1386 mali
685 1319 814 1398 moris,
839 1321 877 1387 in
899 1319 1031 1411 quibus
1051 1345 1113 1412 pa,-

77 1466 263 1536 roxysmus
291 1444 464 1522 atrocior,
499 1443 621 1532 lingua
652 1443 762 1533 magis
792 1441 892 1534 nigra
926 1447 1114 1536 siccaque,

80 1581 175 1635 extra
211 1587 456 1661 paroxysmum
491 1563 657 1657 apyreria⁸
687 1562 886 1645 obscurior,
914 1568 1041 1635 virium
1075 1580 1113 1638 et
1177 1586 1181 1591 ’

80 1696 262 1781 appetitus
296 1688 487 1781 prostratio
514 1692 646 1780 major,
672 1688 784 1778 major
813 1688 898 1756 item
933 1691 978 1757 acl
1011 1714 1113 1782 paro·
1226 1707 1228 1714 ’

78 1837 233 1904 xysmum
252 1813 500 1906 geminandum
521 1809 747 1903 proclivitas3
774 1811 890 1878 onmia
907 1817 1111 1884 summatim

78 1937 279 2008 accidentia
303 1935 511 2004 immaniora
540 1936 687 2027 ipseque
719 1928 878 2012 morbus,
904 1960 1012 2028 quam
1044 1963 1108 2031 pro

77 2081 169 2130 more
204 2059 359 2130 febrium
389 2060 722 2138 intermittentium,
747 2058 931 2128 funestior.
980 2086 1002 2131 n
1021 2065 1110 2134 Sub-

80 2195 197 2254 sccuta
234 2193 290 2252 est
310 2181 419 2251 febris
449 2183 618 2251 continua
642 2183 688 2252 ab
706 2183 1020 2254 intermittentium
1047 2211 1108 2256 au·

78 2309 287 2376 tumnalium
316 2305 419 2396 genio
445 2305 482 2374 in
504 2305 572 2375 hoc
600 2318 739 2377 tantum
772 2306 983 2388 abhorrens,
1008 2315 1106 2405 quod

77 2427 141 2498 bae
166 2431 271 2500 statis
289 2431 400 2500 solnm
419 2429 655 2522 temporibus,
683 2431 741 2500 illa
758 2431 982 2502 continenter
1000 2459 1104 2528 urge·

78 2550 143 2622 bat.
193 2554 338 2626 Etenim
363 2551 487 2622 eodem
515 2552 624 2622 ferme
648 2555 752 2624 modo
774 2568 933 2646 aegrotos
963 2557 1103 2630 adorie-
1143 2527 1174 2578 ‘¹

79 2675 222 2760 bantur,
259 2678 323 2770 qui
352 2675 513 2772 utrisque
547 2678 679 2769 pariter
708 2677 938 2749 vehementer
965 2681 1105 2754 labora-

78 2799 175 2882 bant,
203 2800 502 2879 vomituriebant,
523 2825 602 2870 eum
620 2803 775 2893 partium
794 2815 1018 2874 externarum
1038 2810 1110 2879 sio-⁴

79 2926 204 3009 nitate,
233 2928 310 3008 siti,
344 2925 486 3016 linguae
520 2923 728 3016 nigredine3
755 2939 791 2994 et
821 2927 1010 2998 sudoribus
1035 2933 1103 3001 sub

77 3053 184 3122 morbi
207 3050 318 3120 finem
338 3049 488 3119 materia
511 3047 695 3118 morbifica
716 3049 754 3115 in
776 3049 937 3143 utrisque
963 3076 1103 3145 promp-

77 3171 205 3246 tissime
247 3174 556 3244 exterminabatur.
614 3173 736 3266 Atque
774 3172 864 3243 haec
895 3175 1001 3242 unica
1033 3177 1114 3258 fait¹

79 3299 264 3370 continuae
301 3299 410 3368 febris
442 3297 577 3389 species
613 3319 724 3388 usque
753 3295 797 3364 ad
832 3317 963 3366 annum
989 3299 1100 3382 1665.

78 3441 163 3508 qnae
199 3422 462 3493 autumnalibus
492 3423 567 3492 sire
598 3419 781 3494 tertianis,
817 3418 892 3488 sive
920 3415 1110 3513 quartanis

78 3557 152 3631 post
169 3561 379 3620 autumnum
403 3548 481 3616 vela
500 3540 793 3614 contrahentibus
812 3543 887 3635 jam
907 3543 1121 3620 inclemen-¹

79 3665 145 3735 tius
181 3671 469 3754 debacchabatur
505 3670 548 3739 ad
579 3691 693 3760 usque
724 3691 804 3744 rer,
838 3677 911 3759 q'uo
941 3681 1099 3763 tempore

78 3785 188 3862 febres
223 3796 499 3863 intermittentes
528 3790 691 3860 vernales
721 3789 982 3860 succedebant:
1018 3798 1100 3888 qui·

79 3907 139 3978 bns
159 3920 208 3986 ad
238 3919 399 3990 calendas
423 3918 507 4010 Maji
533 3915 664 4006 pariter
692 3912 956 3995 fatiscentibus,
985 3921 1099 3991 vario·

78 4029 130 4103 lae
154 4039 337 4136 hincinde
359 4043 503 4136 sparsim
521 4065 557 4110 se
578 4035 834 4114 ostendebant,
862 4059 951 4128 qnae
976 4039 1095 4114 denuo
