2872 4870
268 345 365 432 mc·
568 349 773 424 ranam*
799 359 1001 424 mucoso

189 606 193 616 .
268 525 371 630 o‘r'ilob
388 535 427 618 el
439 551 558 618 tameo
577 543 703 614 eodem
719 539 795 612 hoc'
809 551 968 635 tempore
987 535 1199 616 constitutio
1216 539 1293 640 epti

266 673 406 746 demioa
426 668 631 741 stationaria
655 666 726 738 luit
747 665 966 748 scorbutica,
990 666 1087 761 quod
1113 671 1302 762 quomodo·

267 797 514 890 &mauranus
537 814 580 862 ex
601 813 664 870 ea,
688 810 796 882 quam
819 790 924 860 modo
946 791 1205 876 memorabam,
1231 793 1293 889 hy.

266 916 600 1018 pothesierplicet,
627 911 716 983 seire
746 912 895 984 maxime
916 935 1068 986 averem.
1114 917 1194 988 Noa
1212 919 1306 1012 qui-¹

264 1043 450 1120 demanio
469 1036 630 1118 nescius,
656 1034 808 1108 eundem
832 1036 1089 1130 Quirenarum!
1112 1038 1184 1112 hoc
1212 1042 1295 1116 loco

268 1159 579 1242 animadvertisse,
604 1159 744 1230 tunicas
771 1183 935 1231 rasorum
962 1161 1212 1234 arterioaorum
1231 1189 1296 1260 per

266 1289 472 1367 scorbutum
500 1305 576 1356 eane
607 1283 785 1365 adiectas,
820 1284 864 1356 ei
896 1283 1063 1380 periodo,
1086 1305 1159 1380 qua
1185 1307 1304 1382 penes·

266 1419 419 1513 r'yrtema
441 1405 681 1502 ranguilcrum
704 1407 891 1501 imperium
913 1385 1086 1478 summurn
1112 1421 1211 1499 erat;
1236 1435 1297 1483 re·

268 1553 350 1613 r‘um
374 1545 414 1608 et
429 1533 548 1604 bocci
571 1529 823 1615 concedamus,
847 1554 966 1602 nonne
993 1541 1112 1604 tamen
1141 1533 1228 1605 inde
1246 1535 1298 1606 el·
1411 1545 1412 1594 l

183 1697 189 1712 ·
268 1661 408 1742 ficitur,
430 1657 525 1730 hanc
549 1652 692 1740 tunicae
720 1655 928 1727 arteriarum
956 1653 1183 1726 affectionem
1209 1657 1298 1730 luia·

269 1787 308 1862 ἑὲ
333 1781 590 1880 reorbuticam,
613 1798 707 1873 quae
735 1775 879 1850 allectio
908 1778 1087 1872 quomodo
1107 1782 1297 1875 explanare

270 1901 408 2010 poterit
432 1887 643 1997 'energeiam
666 1909 704 1970 et
730 1902 886 1972 renisum
913 1923 980 1998 per
1008 1879 1135 1999 corpus
1164 1905 1206 1976 iu
1234 1904 1298 1977 ho.

269 2031 408 2108 ninum
433 2027 559 2100 ansuis
591 2024 828 2106 concitatum,
853 2023 967 2096 lateor
990 2049 1048 2098 me
1070 2027 1218 2121 pennus
1235 2050 1299 2102 ne·

268 2162 371 2234 seire.
406 2133 409 2138 ¹
1296 2167 1300 2174 ·

278 2281 289 2322 ·‘
317 2257 479 2354 Formiae
502 2259 548 2348 ex
567 2259 637 2348 hle
656 2273 869 2346 difficultate
886 2293 959 2370 uos
973 2271 1023 2345 ita
1044 2274 1177 2368 optime
1196 2299 1299 2372 expe·

271 2393 431 2484 tlemus,
455 2401 486 2472 ai
510 2422 681 2493 ponamus
709 2397 925 2468 elementum
947 2391 1209 2471 rheumatioum
1225 2401 1300 2494 jam
1410 2469 1411 2504 ,

273 2541 351 2605 tum
370 2517 547 2600 elemento
570 2522 772 2593 scorbutico
790 2521 1040 2614 praecelluisse
1059 2523 1231 2618 quodque
1259 2545 1300 2594 ex

274 2649 512 2724 antecedente
537 2647 656 2719 seculo
675 2643 817 2716 decimo
831 2645 959 2738 quinto
978 2658 1180 2738 supererat,
1206 2643 1301 2718 vinci

274 2753 425 2870 'espine-
438 2797 503 2851 eo,
533 2769 630 2867 qaod
664 2769 735 2841 hoc
767 2767 887 2838 seculo
921 2768 1117 2841 recedebat
1145 2792 1301 2850 novum,

191 2981 195 2990 ,
275 2877 482 2972 sus-sutem
499 2903 614 2989 nuper
634 2902 840 2964 accesserat.
888 2891 993 2984 Quod
1014 2893 1076 2962 obi
1093 2892 1145 2963 sie
1166 2892 1303 2964 solrcrc

272 3011 418 3119 placeat
435 3017 632 3114 problema,
657 3015 972 3087 demonstrandum
988 3015 1097 3097 soret,
1120 3015 1159 3084 in
1175 3016 1304 3087 sudore

274 3144 416 3238 anglico
444 3141 661 3214 elementum
685 3119 926 3210 seorbutieum
951 3138 1062 3210 altero
1095 3136 1206 3210 fuisse
1233 3137 1304 3209 ele·

275 3277 397 3340 laento
419 3263 641 3335 rheumatica
659 3263 831 3356 superius

273 3409 281 3422 '
325 3371 397 3464 Sati
416 3412 463 3460 ne
484 3375 539 3459 hir
559 3388 709 3480 argutiis
728 3409 771 3456 ac
794 3385 1054 3458 subtilitatibus
1073 3386 1224 3458 nimium
1242 3375 1304 3456 de?-

270 3521 371 3597 alrua,
396 3511 635 3604 reputandum
663 3521 739 3589 est,
773 3531 998 3604 nequaquam
1022 3533 1085 3604 per
1110 3513 1180 3582 eos.
1197 3511 1304 3580 homi.

269 3645 359 3720 ires,
384 3637 447 3734 qui
465 3633 604 3729 corpori
621 3635 803 3714 serviunt,
825 3653 970 3726 magnas
982 3633 1068 3705 lieri
1083 3657 1203 3708 rerum
1223 3657 1303 3706 con·

271 3761 477 3841 «versiones,
511 3781 635 3832 rerum
661 3781 726 3852 per
749 3781 833 3837 eos,
867 3757 932 3851 qui
965 3768 1003 3828 et
1032 3776 1090 3830 res
1111 3771 1150 3830 et
1180 3778 1304 3853 corpus
1409 3829 1410 3842 χ

269 3868 386 3958 auum
403 3894 441 3955 et
454 3883 619 3954 homines
635 3882 703 3952 sibi
724 3880 902 3974 subjicere
919 3881 1035 3976 iisque
1054 3883 1228 3976 imperare
1246 3897 1310 3948 no.
1409 3843 1410 3936 i

272 4017 388 4096 ‘runtr
419 4005 665 4084 saluberrimas
693 4029 778 4078 vero
806 4014 842 4077 et
864 4004 1041 4076 maximas.
1056 4025 1120 4110 per
1143 4028 1221 4087 eoa,
1244 4002 1306 4098 qui
1409 4025 1410 4112 3
