2834 4874
394 421 858 485 INTERMITTENTES.
1085 375 1140 488 lot
1240 449 1242 455 ’

117 616 229 674 lantes
248 604 429 683 secunda,
456 605 563 698 immo
585 616 712 698 quarta
732 605 838 673 etiam
856 603 915 674 die
940 628 1011 673 non
1034 607 1138 674 modo

117 752 273 821 surgere,
310 727 373 797 sed
402 727 583 797 interdum
612 727 651 797 in
681 727 863 822 publicum
897 729 1039 820 prodire
1076 729 1142 798 visi

115 852 254 921 luerint.
314 851 447 923 Verum
473 855 610 922 interea
640 853 806 946 temporis
839 851 951 922 urinis
983 853 1139 932 croceis,

116 975 253 1057 crassis,
286 975 533 1068 subjugalibus
571 974 744 1056 redditis,
777 976 885 1047 febris
920 975 1047 1071 quinta
1082 975 1141 1045 die

114 1125 202 1170 novo
228 1099 347 1192 rigore
377 1121 457 1168 cum
481 1099 618 1192 ingenti
646 1093 933 1194 praecordiorum
962 1099 1140 1169 anxietate

115 1248 153 1292 ac
168 1224 368 1316 jactatione
391 1223 592 1293 intantum
617 1223 816 1304 crescebat,
841 1235 883 1294 ut
902 1223 1010 1317 lippis
1034 1223 1142 1293 etiam

115 1372 154 1417 ac
173 1347 374 1417 tonsoribus
402 1360 566 1450 naturam
594 1349 784 1416 continuae
804 1359 841 1417 et
868 1371 1000 1418 morem
1024 1349 1143 1440 perni-

116 1473 345 1540 ciosissimum
366 1470 578 1542 ostenderet
604 1471 791 1540 Caeterum
811 1472 930 1564 lingua
952 1484 1026 1541 erat
1045 1473 1143 1558 arida

116 1606 150 1664 et
174 1595 409 1679 subobscura3
434 1616 557 1664 verum
584 1595 777 1663 accedente
811 1594 939 1662 mentis
965 1597 1140 1677 motione,

114 1717 207 1787 nulla
234 1720 469 1811 utplurimum
489 1717 634 1812 querela
662 1717 739 1786 sitis
759 1716 993 1801 audiebatur3
1019 1719 1140 1808 pulsus

116 1843 216 1922 rarii,
243 1845 386 1936 saepius
399 1842 499 1936 parvi
518 1853 625 1933 atque
643 1839 863 1932 inaequales3
889 1850 984 1907 artus
1002 1839 1140 1932 frigidi,

114 1968 245 2058 pusillis
266 1941 490 2038 ¹convulsiris
520 1963 675 2033 motibus
702 1962 845 2032 omnino
878 1964 1137 2052 inconstantem

112 2091 257 2181 papulae
289 2091 330 2158 in
358 2100 441 2160 cute
472 2088 623 2167 lividae,
659 2087 769 2157 facies
800 2087 1031 2170 cadaverosa,
1067 2089 1137 2158 sre-

114 2228 258 2306 qnentes
277 2212 549 2308 leipotbymiae,
576 2222 702 2282 venter
730 2210 862 2291 elatus,
890 2224 1138 2293 tensus,„ante

115 2336 274 2409 delirium
300 2338 424 2408 dolens
440 2359 482 2405 ae
500 2336 705 2430 frequenter
727 2346 808 2428 post
831 2317 964 2406 ser'tam
990 2338 1138 2431 pallido-

114 2459 241 2532 biliosis
258 2475 296 2533 et
318 2459 577 2540 foetidissimis,
597 2482 669 2529 non
689 2482 767 2528 raro
788 2461 894 2531 etiam
918 2463 1074 2532 cruentis
1093 2463 1138 2532 li·

113 2560 335 2676 ¹queminibus
355 2583 501 2654 solutus.
553 2583 734 2655 Lumbrici
753 2582 798 2652 ab
817 2585 893 2677 ipso
912 2585 1025 2655 morbi
1040 2588 1136 2679 prin-

115 2708 202 2800 cipio
227 2734 353 2802 magna
376 2709 498 2803 eopia,
524 2709 732 2801 plerumque
755 2707 904 2788 mortui,
929 2731 993 2800 per
1015 2709 1135 2781 sedem

114 2832 214 2901 etiam
240 2832 535 2904 deturbabantur.
583 2829 747 2922 Denique
770 2831 967 2922 granicum
989 2857 1133 2926 sopore,

113 2952 222 3046 algido
252 2957 403 3037 sudore,
443 2954 555 3026 urinis
586 2953 753 3024 tenuibus
790 2953 917 3035 lactis,
955 2959 1134 3048 parotides

113 3081 341 3173 erumpebant
361 3104 402 3149 ac
425 3079 594 3173 septima,
623 3078 678 3150 vel
698 3100 792 3147 nona
820 3075 899 3158 die,
925 3103 1003 3149 raro
1021 3080 1133 3150 unde·

112 3199 196 3270 eima
223 3193 411 3298 plerosque
444 3227 585 3297 aegros,
613 3202 817 3300 priusquam
852 3216 1050 3294 opportuna
1076 3205 1132 3272 in·

112 3337 212 3394 venta
240 3339 333 3398 esset
365 3295 532 3397 medendi
563 3325 676 3405 ratio,
713 3324 902 3395 suffocatos
935 3325 980 3395 de
1010 3329 1129 3398 medio

111 3448 285 3523 tollebant.

154 3573 280 3647 Febres
306 3599 404 3655 vero,
430 3597 522 3667 quae
542 3571 647 3642 initio
670 3570 787 3642 ideam
809 3574 1001 3644 continuae
1019 3577 1131 3668 pesti·

110 3690 209 3765 lentis
230 3699 485 3777 ostendebant,
510 3720 609 3767 rarae
634 3695 823 3769 admodum
853 3698 998 3769 luerunt
1019 3712 1126 3795 atque

111 3813 145 3882 in
172 3819 213 3889 iis
243 3824 414 3893 duntaxat
449 3820 588 3890 civibus
624 3821 898 3912 spectabantur,
933 3823 995 3915 qui
1022 3826 1128 3917 paulo

111 3933 239 4032 longius
266 3968 286 4014 a
317 3943 418 4015 fossis
443 3945 550 4038 positi
575 3945 710 4012 meliori
740 3953 815 4010 tum
843 3945 959 4015 victus
985 3948 1123 4018 ratione

111 4061 160 4128 usi
177 4081 274 4148 sunt,
301 4080 376 4138 tum
404 4039 667 4140 rutrus'cotore
697 4066 870 4161 praediti,
904 4069 1124 4140 innoxiorum
