2900 4874
455 403 618 468 llORS
668 400 877 468 ulons.
1135 404 1175 472 55

135 606 244 670 seer,
267 584 493 679 erzunrou
523 580 738 680 hypothesin
769 581 910 656 firmare
935 580 1078 656 ridetur
1108 584 1174 656 ob·

140 709 485 784 servunculum:
501 707 763 802 inregionibus
781 707 932 800 frigidis,
957 707 1056 788 eltis,
1075 731 1174 782 mon·

141 835 254 916 toris,
276 831 386 902 flante
408 833 538 912 boreo,
564 831 658 901 sicco
676 844 715 903 ct
740 831 868 924 frigido
889 830 988 899 coelo
1010 854 1054 902 ex
1072 845 1174 926 peste

142 939 343 1030 multorrim
368 955 505 1026 cladem
531 977 629 1038 esse,
652 953 890 1026 incolumibus
910 952 971 1034 iis,
995 955 1060 1048 qui
1086 956 1176 1030 locis

143 1080 327 1174 depressis
355 1077 507 1152 eboreo
534 1078 642 1152 tectis
661 1090 701 1150 et
724 1076 825 1149 coelo
854 1099 969 1146 crosso
996 1100 1039 1148 uc
1066 1080 1176 1154 inerti
1236 1171 1240 1180 ι

143 1205 327 1277 hubitant.
357 1242 405 1260 -
428 1202 620 1276 Exiliosius
651 1211 776 1274 sutem
804 1199 936 1270 melum
962 1197 1071 1271 luisse
1099 1225 1180 1274 son-

146 1328 261 1422 guine
286 1323 570 1409 abundantibus,
604 1327 743 1420 pueris,
767 1321 938 1402 carnosis,
959 1321 1178 1415 juvenibus,

146 1452 376 1546 temperetis,
400 1474 489 1546 quos
508 1451 734 1522 innocentius
759 1457 1004 1544 aegrotaturos
1023 1452 1179 1546 suspioc-

147 1599 245 1648 mur.
290 1573 344 1645 Εἰ.
370 1575 515 1646 Hersen
534 1575 565 1646 Ι.
589 1599 624 1668 p.
644 1573 714 1646 126
735 1571 774 1642 in
794 1580 892 1640 note.

204 1697 265 1770 Ad
275 1696 345 1768 hoc
361 1707 483 1769 curem
495 1697 683 1768 seminium
695 1694 857 1766 naturale
870 1692 1050 1786 proprium
1058 1719 1187 1790 quum-v

82 1882 86 1890 .
151 1819 329 1917 plurimae
347 1831 574 1891 accesserunt
590 1818 773 1913 polentiae
792 1825 974 1888 nocentes.
1007 1815 1181 1892 Nimirum

150 1944 196 2016 iu
212 1943 413 2038 morborum
431 1943 570 2014 theorie
588 1941 661 2012 duo
677 1941 911 2012 dissernimus
928 1963 1062 2034 genem
1081 1967 1181 2015 cous·

151 2090 293 2138 sarum:
330 2068 482 2136 alterum
510 2064 877 2159 praedisponentium,
910 2065 1184 2139 occasionalium

150 2191 327 2262 alterum:
340 2211 445 2284 ¹qum
463 2211 536 2260 non
552 2200 692 2262 tentum
710 2187 748 2258 in
765 2187 977 2283 sporcdicis,
1000 2211 1127 2264 verum
1142 2191 1183 2263 in

153 2312 344 2406 epidemiis
364 2313 497 2406 puriter
522 2323 560 2384 et
583 2311 780 2408 pendemiis
805 2311 1006 2384 disseruere
1031 2325 1184 2408 oportet·

155 2435 283 2514 Mortis
305 2436 426 2528 nigrae
447 2459 532 2508 vero
553 2457 692 2506 caussas
710 2417 795 2506 istus
815 2435 1052 2507 occasionales
1073 2461 1186 2532 quse·

157 2559 322 2634 rentibus
340 2558 540 2632 nohis-sese
555 2558 745 2631 obierunt:
771 2570 886 2631 terrac
906 2553 1042 2643 motus,
1069 2563 1187 2656 exple-

158 2684 278 2754 sioncs
317 2682 543 2764 rulecnicec,
579 2695 737 2756 meteore
772 2682 928 2778 cunique
957 2693 1188 2778 tempestates

158 2805 379 2888 insalubres,
403 2805 675 2886 inundationes.
707 2807 897 2876 cerealium
918 2803 1090 2879 deficiens
1110 2833 1190 2903 pro·

162 2940 310 3010 sentus,
339 2929 440 3021 regni
467 2929 675 3022 vegetabilis
700 2930 829 2999 laesam
855 2927 1020 3001 indicans
1049 2932 1189 3004 veletu-

162 3052 285 3131 dinem
313 3052 484 3146 ipsaeque
513 3053 742 3134 animalium,
776 3051 925 3146 piscium
957 3054 1190 3147 praesertim,

165 3176 383 3270 cpidemiae:
408 3200 559 3272 querum
581 3177 738 3248 omnium
752 3175 847 3268 apud
862 3174 1193 3268 epidcmiogrcphos

165 3299 296 3372 horum
313 3311 513 3392 temporum
531 3300 686 3394 reperire
706 3297 870 3392 poteritis
889 3298 1193 3371 enumerationem

165 3434 208 3498 ot
232 3423 496 3520 expositionem.

217 3547 290 3618 Eue
312 3547 433 3622 siuno
455 3547 523 3619 sub
549 3557 742 3642 conspectu
767 3557 967 3640 ponuntur.
990 3567 1109 3616 nonne
1130 3565 1193 3616 nea
1268 3606 1272 3615 .

168 3679 274 3744 turae
306 3669 596 3764 philosophorum
626 3671 772 3765 placito,
800 3671 898 3763 quod
923 3683 963 3741 et
996 3671 1197 3744 pinnensi
1308 3686 1310 3692 '

167 3794 410 3866 reformatoris
433 3795 522 3874 fuit,
547 3793 688 3875 invent,
712 3817 824 3863 unum
846 3817 926 3866 esse
942 3793 1123 3886 ingentem
1141 3819 1197 3864 or-

166 3917 226 3994 bis
247 3918 384 3990 telluris
416 3917 668 4010 organismum,
692 3918 845 4008 inquo,
869 3940 961 4010 quoe
985 3909 1198 4012 unorgeuion

164 4040 368 4126 iiicunlur,
394 4063 539 4136 corpore
570 4061 650 4113 cum
681 4039 854 4135 organicis
884 4040 1086 4114 consociem
1114 4065 1198 4112 oon-
