2834 4874
339 393 590 456 canaonem.
612 425 652 444 -
672 395 921 458 scruter-tra·
1083 398 1148 460 rare

116 578 165 646 tio
192 572 253 645 dle
270 573 390 644 nullis
411 572 556 666 adjutus
579 572 719 644 auxiliis
745 576 981 670 strangulatus
1009 588 1064 647 est
1080 599 1142 648 ox·

114 699 260 768 tinctus.
304 697 407 768 Haec
435 715 546 790 prora
564 695 796 768 ‘tonsillamm
821 700 940 770 ulcera
965 697 1004 788 in
1031 698 1143 795 pcrti-

115 821 203 893 lenti
226 818 486 890 constitutiouo
503 841 609 913 saepe
627 821 858 915 contingunt,
882 833 1048 898 mouente
1065 819 1144 894 Ae-

117 965 184 1017 no.
206 941 398 1040 Adparent
417 963 522 1040 saepe
544 941 677 1016 rubore
689 955 846 1018 saturato
866 945 1053 1038 insignita,
1077 944 1140 1019 ali·

114 1066 258 1164 quando
283 1065 381 1148 allra,
405 1063 551 1138 maculis
566 1063 717 1149 similia,
742 1068 882 1140 cinereo
902 1067 1019 1140 colore
1037 1049 1148 1161 prae-2

115 1193 190 1264 dita
207 1182 471 1285 et'lrequenter
488 1189 611 1282 nigro,
627 1212 719 1284 quae
737 1188 950 1263 brevissimo.
970 1195 1137 1286 temporis

114 1317 226 1412 spatio
248 1312 476 1394 exulcerant,
500 1325 748 1406 corrumpunt,
772 1312 1014 1406 putrefaciunt
1034 1328 1072 1387 et
1090 1317 1148 1389 ad,

115 1461 347 1532 gangraenam
376 1435 596 1513 deducunt.''
644 1435 695 1508 Cf.
720 1437 766 1506 de
796 1434 877 1510 Art.
895 1436 1000 1512 Mae.
1022 1440 1084 1512 lib.
1104 1441 1136 1511 1.

115 1565 207 1634 Part.
226 1564 258 1632 1.
287 1583 364 1654 pag.
386 1559 434 1634 78
452 1583 525 1653 sqq.
549 1558 667 1654 doque
696 1561 882 1653 pragnesi:
914 1584 937 1630 r>
954 1560 1137 1644 fallaciosi-

114 1709 202 1757 mam
229 1709 310 1758 esse
338 1683 446 1776 hujus
468 1682 583 1756 morbi
606 1694 785 1762 naturam,
800 1691 929 1778 'monet
949 1685 1145 1772 limem:

118 1809 342 1892 confitentur.
357 1827 495 1886 ornnes,
517 1828 561 1876 ex
581 1827 625 1874 ee
639 1803 737 1900 quod
750 1803 921 1897 paulatim
941 1809 1051 1901 serpit
1071 1833 1139 1904 pu.

115 1933 233 2015 tredo,
259 1933 338 2002 sinc
355 1929 473 2024 aliquo
495 1926 617 2000 dolore
637 1938 701 1999 aut
721 1925 819 2002 febre
838 1927 995 2000 sensibili
1013 1932 1137 2004 morti·

116 2053 223 2127 fioaus
248 2065 371 2150 partes
395 2054 571 2133 internas,
596 2048 695 2134 tabe,
729 2048 945 2147 purissimis
967 2064 1005 2124 et
1031 2054 1135 2128 debi-

113 2178 252 2250 lissimis
274 2175 454 2272 pulsibus,
472 2173 690 2248 extinctione
701 2172 846 2254 caloris,
857 2175 1144 2272 refrigeratione.

115 2312 376 2381 extremorum,
424 2297 530 2370 faciei
572 2297 850 2380 extenuatione,
890 2298 1139 2394 inappcteutia

115 2437 287 2520 perpetua
318 2434 356 2495 et
382 2422 532 2495 molesta
556 2419 755 2497 mutatione
779 2418 987 2506 docebitur.
1012 2447 1142 2499 somno.

116 2543 228 2619 lallaci
253 2560 292 2620 et
312 2547 504 2641 adporeutc
536 2545 915 2638 misercaegrotantes
939 2545 1111 2625 interficit
1123 2579 1143 2646 ;1

117 2668 160 2739 ob
181 2671 299 2766 quud,
319 2671 405 2745 licet
420 2691 514 2764 quae
533 2668 667 2744 vitiata
681 2668 875 2762 adpareant
892 2668 1134 2755 inlaucibur.

117 2807 176 2883 aut
191 2795 355 2889 partibus
372 2792 465 2872 aliis,
489 2792 529 2865 in
543 2792 670 2868 melius
694 2802 834 2866 mutata
853 2794 1133 2886 conspiciantur.

115 2921 294 2990 nonlicet
322 2917 468 2990 salutem
497 2913 676 3009 polliceri.
709 2913 795 3010 quia
822 2913 913 2990 solet
942 2921 1135 2994 communi.

116 3043 184 3112 cari
213 3043 383 3137 paulatin
408 3038 562 3135 putredo
576 3103 580 3110 .
594 3049 632 3112 et
663 3056 860 3133 gangraena
889 3041 1050 3134 partibus
1082 3042 1136 3116 in-
1220 3020 1222 3025 ¹

113 3166 253 3238 ternis?

123 3329 126 3338 ·
160 3289 289 3364 Utrum
306 3289 431 3382 angina
449 3289 716 3368 membranacea
739 3287 825 3361 huic
844 3285 972 3358 adfinis
992 3289 1053 3386 sit,
1080 3290 1137 3360 in·

117 3419 170 3481 ter
195 3414 349 3488 medices
372 3395 612 3487 conuorersia
643 3423 708 3488 cst.
756 3410 846 3480 Mihi
875 3411 1036 3485 catarrho
1062 3414 1137 3507 epi-

117 3531 251 3609 demico
270 3538 418 3610 adfiaior
446 3538 589 3610 ridetur
609 3548 652 3610 et
679 3535 768 3606 tussi
796 3534 954 3631 quintae.
995 3535 1139 3610 ,Saltem

118 3658 147 3727 si
162 3659 343 3736 historiam
360 3661 583 3735 consulamus
599 3672 746 3741 testem,
771 3659 971 3734 ridebimus
997 3659 1035 3729 iu
1057 3662 1135 3753 cpi·

119 3777 241 3854 demiis
267 3784 484 3864 influenaac‚
508 3809 596 3878 quas
620 3784 808 3877 descripsit
830 3784 1020 3865 Forrsrus,
1056 3809 1138 3858 curn

119 3923 159 3972 ox
186 3910 349 4004 propria,
383 3919 461 3986 tum
495 3932 538 3977 ex
571 3909 738 3989 Traron,
767 3907 899 3978 medici
929 3911 1139 3984 amsteloda..

121 4032 242 4108 mensis
271 4031 487 4139 percelebris
525 4030 772 4110 observatione
811 4027 825 4124 (
837 4031 936 4109 Olea.
970 4035 1049 4110 libr.
1072 4037 1138 4130 ΥΒ
1235 4109 1240 4122 ,
