2834 4874
160 2511 164 2518 ·
293 2466 492 2560 dyspnoea,
521 2481 613 2554 quae
640 2471 810 2529 nontam
842 2459 880 2529 in
909 2471 1047 2531 turnare
1076 2473 1115 2532 et
1139 2461 1323 2554 phlegmo-

311 431 368 496 1111
408 425 827 502 11111111111111011,
850 425 994 488 TYPHUS
1017 421 1258 493 moeremus,

307 638 396 695 nua,
425 608 702 706 apostematibus
729 616 767 677 et
790 606 943 699 pustulis
962 617 1000 676 et
1028 607 1067 676 in
1084 609 1243 702 quinque
1262 607 1339 681 dte-2

308 737 377 806 bus
411 736 572 804 homines
602 731 855 800 moriebantur.
911 730 957 799 In
991 731 1063 799 fine
1096 743 1215 804 auteur
1246 737 1333 804 sexti

305 858 437 930 mensis
458 855 567 948 pestis
584 857 729 924 remissa
748 865 819 934 est,
837 853 923 948 quia
940 854 1045 924 multi
1063 857 1334 949 1111111111-

303 981 457 1054 bonibus
470 980 618 1073 aliisque
634 977 834 1048 tumoribus
846 978 883 1047 in
895 975 966 1046 fine
977 977 1086 1048 febris
1101 977 1335 1052 evadebant.’'.

350 1103 671 1198 Peripnaumoniae
697 1113 735 1172 et
751 1101 980 1193 pleuritides,
1005 1125 1069 1171 seu
1090 1103 1210 1195 potins
1231 1103 1333 1197 pleu-

299 1225 691 1325 ro·peripneumoniae,
716 1247 798 1293 cum
825 1236 930 1318 sputo
962 1236 1131 1304 cruento,
1163 1227 1331 1319 purulen-

298 1367 356 1435 to,
391 1351 525 1423 deliriis
555 1349 696 1444 alvique
725 1346 911 1442 profluviis
938 1358 1119 1418 notantur.
1168 1347 1331 1442 Typbunr

296 1476 519 1550 thorneienm
550 1483 734 1576 nuncupat
766 1471 962 1543 1111111111.
1015 1468 1109 1542 Aliis
1141 1471 1329 1564 erysipelas

297 1602 505 1698 pulmonum
522 1596 667 1668 dicitur.
716 1595 761 1665 In
779 1605 880 1687 peste
896 1585 1083 1689 delphensi
1108 1609 1252 1688 qnoque
1270 1620 1328 1664 su-

294 1725 375 1794 bito
406 1721 571 1815 periisse,
604 1719 734 1812 quibus
766 1719 952 1810 sanguise
978 1718 1124 1789 naribus
1150 1718 1326 1799 stillabat,

297 1859 362 1919 aut
380 1846 444 1941 qui
470 1854 574 1938 sputo
595 1840 775 1933 sanguinis
796 1827 1075 1923 adficiebantur,
1102 1841 1191 1910 acsi
1214 1865 1329 1935 pneu-

294 1970 415 2043 monia
446 1965 618 2061 pestifera
645 1962 886 2045 laborassent,
920 1963 1172 2068 animadvertit
1198 1966 1326 2038 Fortas-

296 2113 376 2173 111,
401 2089 505 2160 simul
516 2069 623 2158 'facta
638 2090 820 2158 mentione
838 2089 961 2170 mortis
976 2090 1111 2183 nigrae.

342 2217 540 2288 Bsmomus
569 2235 600 2281 a.
622 2210 725 2285 1570.
758 2211 970 2305 pleuritidas
990 2225 1226 2286 memorator
1248 2239 1324 2286 sero

211 2397 213 2405 ,
292 2369 315 2415 a
335 2340 452 2435 capite
471 2331 675 2416 diffluente,
701 2334 818 2405 idest
843 2333 1078 2418 catarrhales,
1103 2338 1179 2408 sine
1198 2361 1323 2431 magna

291 2613 339 2660 ne
365 2583 625 2664 consistebant,
648 2605 756 2676 quarn
779 2584 818 2652 111
842 2583 1017 2655 affusione
1041 2584 1195 2680 quadarn
1214 2585 1324 2680 erysi·
1404 2665 1405 2674 ἵ

291 2706 460 2805 pelatode
484 2729 652 2800 quaeque
680 2718 856 2800 grassatae
887 2717 973 2778 ¹suut
994 2720 1189 2779 autumnos
1219 2709 1325 2802 jura·

289 2835 354 2905 bat
372 2841 493 2902 autem
518 2832 755 2901 renaesectio.
806 2827 942 2902 Genius
967 2829 1097 2901 horum
1121 2842 1320 2926 temporum

290 2955 527 3052 epidemieus,
550 2954 692 3047 qualem
718 2953 757 3022 in
775 2964 897 3022 nostra
915 2953 1031 3044 patria
1051 2954 1318 3038 observaverat,

287 3077 512 3180 cognoscitur
526 3099 569 3145 ex
587 3077 762 3155 Foansro,
788 3074 888 3144 Obss.
901 3071 999 3145 Med.
1023 3075 1087 3147 lib.
1097 3079 1163 3152 VI.
1191 3081 1317 3152 oter.

284 3204 391 3285 Erat,
410 3200 473 3297 qui
491 3199 653 3269 hocloco
674 3197 910 3290 describitur,
924 3199 1108 3273 catarrhus
1120 3204 1317 3295 epidernins

146 3352 148 3356 ’
284 3351 327 3397 11
344 3326 406 3395 illo
429 3345 576 3418 genera,
600 3345 691 3416 quos
715 3321 918 3418 influenzae
938 3323 1082 3392 nomine
1108 3325 1313 3420 insigniunt.

282 3475 309 3521 >r
330 3449 375 3520 Α.
399 3447 501 3524 1557.
536 3469 582 3516 m.
618 3442 766 3518 Octobri
802 3446 946 3516 morbus
988 3446 1186 3540 epidemins
1223 3453 1312 3524 adeo

281 3571 483 3644 Alcmariae
512 3568 752 3663 grassabatur,
777 3578 820 3637 ut
844 3569 998 3661 integras
1015 3569 1175 3643 ‘familias
1195 3577 1312 3646 subito

281 3693 487 3766 invaderet:
513 3695 564 3762 ita
588 3703 634 3776 ut
653 3677 763 3761 intra·
779 3690 868 3761 duas
894 3702 1010 3763 tresve
1037 3697 1250 3788 septimanas
1270 3721 1310 3768 er

281 3817 352 3887 hoc
379 3818 473 3887 malo
503 3815 541 3886 in
570 3815 694 3886 eadem
723 3814 812 3886 urbe
844 3816 939 3886 ultra
965 3815 1036 3888 200
1067 3817 1227 3892 homines
1256 3810 1310 3892 er·

278 3941 385 4012 tincti
407 3943 488 4011 sint.
538 3938 700 4014 Catarrhi
724 3938 837 4008 instar
861 3940 922 4010 hio
950 3941 1093 4012 morbus
1119 3944 1310 4016 invadebat

280 4086 364 4139 eum
393 4064 495 4137 febre
529 4063 719 4138 admodum
755 4063 875 4147 lenta,
913 4065 975 4135 sed
1006 4067 1159 4160 'maligna
1186 4070 1310 4146 etiam,
