2834 4874
424 395 886 460 INTERMITTENTES.
1116 401 1172 466 155

143 603 272 652 munes
301 577 348 649 ob
379 577 680 648 calamitosissima
705 575 795 646 haee
827 587 1007 669 tempora,
1042 579 1174 674 quibus

144 729 209 801 per
240 705 451 775 continuum
481 703 706 794 septennium
729 700 893 770 universa
918 698 1058 794 Europa
1078 704 1174 778 bello

144 827 267 899 adhuc
285 827 387 899 ardet
410 826 652 897 crudelissimo
674 837 712 896 et
730 825 789 894 vir
808 834 889 916 post
907 821 1029 894 orbem
1053 828 1174 900 condi·

142 963 224 1023 tum
254 951 388 1025 audito.
413 991 458 1002 -
479 952 590 1022 Porro
610 947 743 1020 halitus
770 946 915 1041 maligni
934 971 955 1016 a
974 958 1029 1020 tot
1057 960 1172 1025 terrae

142 1076 302 1147 motibus
326 1072 470 1170 (quibus
490 1073 535 1143 ab
553 1095 584 1142 a.
604 1071 706 1149 1687.
731 1093 845 1167 usqne
867 1067 986 1142 adhue
1002 1095 1172 1150 concussa

142 1200 217 1271 luit
235 1199 355 1304 Italia)
381 1198 525 1268 excitati
543 1195 762 1293 epidemicae
783 1193 870 1264 huic
895 1195 1099 1290 apoplexiae
1121 1201 1173 1274 lo·

141 1324 268 1393 mitem
287 1331 465 1415 praestare
488 1343 632 1416 quoque
658 1329 865 1415 potuerunt.
888 1359 934 1377 ·-
957 1319 1064 1393 Terra
1091 1326 1174 1419 plu·

142 1446 244 1516 ribus
267 1446 306 1516 in
323 1445 411 1515 locis
434 1454 557 1539 aperta
576 1453 631 1515 est
652 1455 689 1515 et
710 1441 840 1537 oppida
858 1439 933 1514 fere
954 1443 1078 1518 decem
1097 1473 1175 1521 om-

141 1571 231 1640 nino
249 1565 492 1639 ¹conciderunt.
525 1570 595 1640 Per
610 1580 721 1640 totam
739 1567 917 1661 Europam
938 1579 1170 1646 terraemotus

141 1695 253 1765 etiam
274 1693 331 1763 his
352 1691 453 1762 annis
472 1691 630 1787 divagati
653 1693 770 1763 sunt.”

192 1817 325 1912 Quales
340 1816 483 1886 tandem
504 1816 638 1886 luerint
649 1815 717 1885 hae
732 1813 936 1908 apoplexiae
952 1819 1091 1912 quaeri,
1102 1842 1172 1894 nec

143 1941 222 2012 sine
252 1961 392 2021 caussa,
422 1941 559 2034 posset:
596 1963 642 2008 an
671 1937 904 2032 sanguineae,
929 1960 975 2011 an
999 1965 1170 2017 nervosae

141 2087 297 2160 cumque
315 2061 636 2134 intermittentibus
650 2061 813 2156 junctae.
861 2065 920 2136 Ad
940 2089 1046 2159 wem
1063 2091 1171 2164 quae-

142 2189 296 2260 stionem
313 2187 516 2258 solvendam
537 2186 655 2257 lacere
675 2183 823 2258 forsitan
842 2200 960 2281 posset
979 2195 1169 2266 consimilis

90 2398 96 2406 ,
142 2313 345 2384 observatio
366 2311 553 2384 Moncaont
580 2307 725 2404 deperi
748 2310 951 2405 apoplexiae
970 2315 1171 2412 frequentia

141 2435 303 2512 a.1729.
334 2437 401 2508 sub
431 2435 509 2528 pari
548 2433 631 2504 anni
664 2445 914 2528 tempestatum
944 2439 1169 2525 conditione,

141 2585 236 2659 quae
254 2557 491 2656 proculdubio
514 2558 708 2652 sanguinea
728 2555 808 2628 tuit.
843 2558 898 2630 cf.
919 2559 1041 2656 Epist.
1063 2561 1170 2638 Anat.

141 2683 241 2759 Med.
259 2683 334 2755 111.
362 2682 441 2754 Art.
464 2683 506 2755 11
532 2693 571 2753 et
600 2679 657 2753 13.
706 2681 927 2774 Quibuscum
955 2685 1169 2760 conserenda

141 2823 226 2882 aaut
258 2831 351 2903 quae
372 2809 469 2887 circa
494 2808 642 2879 eandem
670 2827 744 2875 rem
774 2828 805 2875 a.
828 2805 922 2881 1708
945 2833 996 2904 sq.
1029 2813 1169 2882 notavit

139 2937 222 3007 lou.
243 2934 337 3004 llsa.
362 2931 543 3003 Laucrsms
562 2928 608 3001 de
636 2929 789 3001 subitan.
813 2929 987 3002 mortibus
1015 2930 1092 3005 Lib.
1113 2933 1166 3005 ll.

137 3080 216 3153 cap.
239 3058 272 3130 2.
296 3077 343 3131 m.
366 3078 443 3151 pag.
461 3053 510 3126 90
534 3077 608 3149 sqq.

189 3183 314 3277 lleque
341 3179 502 3273 ejusdem
525 3177 693 3270 temporis
723 3177 854 3247 morbis
880 3177 933 3249 Jo.
955 3181 1049 3249 llan-
1074 3179 1168 3254 Latt-

142 3313 247 3376 c'1's1us
278 3304 323 3374 de
352 3303 489 3383 noxiis,
528 3299 647 3395 palad.
679 3299 796 3372 efflue.
829 3301 889 3370 lib.
918 3301 969 3371 II.
1004 3303 1106 3400 Epid.
1132 3307 1165 3378 l.

140 3452 217 3523 cap.
242 3431 272 3500 l.
296 3427 387 3498 haec
410 3426 560 3519 scripsit.
608 3423 852 3495 »Autumnus
878 3449 908 3496 a
932 3423 1032 3498 1694.
1059 3451 1165 3522 saepe

140 3552 277 3645 magnis
294 3550 466 3621 imbribus
493 3546 776 3619 meridionalium
802 3561 990 3620 ventorum
1018 3549 1164 3624 flatibus

139 3675 236 3748 udas
262 3675 401 3757 extitit,
427 3674 656 3770 quamobrem
679 3671 784 3742 tellus
798 3674 875 3766 jam
895 3685 971 3744 erat
992 3675 1163 3760 humida,

140 3825 221 3871 cum
241 3800 378 3870 Tiberis
392 3808 537 3893 propter
557 3820 721 3890 magnam!
737 3795 810 3866 rim
829 3820 941 3892 aquae
959 3797 1014 3867 bis
1035 3813 1163 3872 auctus

140 3938 204 3998 est.
228 3965 276 3981 -
301 3923 463 3996 Accessit
492 3920 658 4016 frequens
684 3921 822 3992 afflatus
851 3920 1010 3994 vulturni
1035 3928 1164 3996 austri-

140 4073 336 4147 aorumque
361 4060 563 4128 ventorum,
589 4048 692 4141 quia
716 4043 834 4118 medio
863 4045 957 4141 llajo
981 4071 1092 4144 usquc
1115 4039 1191 4120 ad*
