2900 4874
274 391 317 452 bl)
569 379 989 454 att‘tsmtls,

320 547 503 649 Proiecto,
530 570 560 639 si
583 566 794 664 quaonobis
821 565 965 660 reliquit
984 563 1101 633 schola
1126 563 1214 646 Coa,
1239 561 1304 638 ob«

273 696 491 769 servationea
508 689 625 763 animo
645 691 922 785 perpendamus,
947 688 1044 758 hunc
1062 688 1302 782 intelligemus

271 820 470 918 principem
487 817 646 909 solonge
666 815 810 908 lateque
830 812 1069 883 dominantem
1089 812 1127 882 ia
1146 811 1299 885 Graecia

272 927 382 1012 luisse
415 938 600 1018 morbum,
634 938 728 1008 inter
759 936 1012 1029 phlogisticum
1040 947 1077 1004 et
1107 939 1296 1029 gastricum

270 1063 486 1158 principium
498 1061 731 1142 oscillantem,
751 1060 938 1152 utriusque
955 1059 1179 1152 participem,
1198 1048 1296 1131 nune

270 1190 309 1258 iu
336 1184 599 1278 phlogistioam,
632 1182 955 1263 inflammatoriam,
981 1206 1077 1254 nune
1103 1183 1142 1252 in
1170 1185 1296 1276 gastri-

269 1334 365 1390 cam,
390 1309 550 1377 biliosarn
577 1318 742 1378 naturam
763 1305 873 1398 magis
901 1305 1148 1388 inclinantem,
1174 1308 1297 1400 prouti

189 1445 191 1450 '
270 1435 355 1504 anni
374 1442 563 1524 tempestas
581 1453 622 1499 ao
643 1428 801 1522 reliquae
825 1428 1047 1500 conditiones
1073 1429 1245 1500 ferebant.

317 1555 456 1626 llediae
484 1563 630 1621 naturae
656 1563 749 1632 crat,
774 1574 866 1645 quae
893 1551 1155 1644 Epidemiorum
1180 1554 1296 1645 primo

270 1675 485 1752 describitur
512 1674 728 1745 Constitutio
755 1676 868 1770 prima
893 1675 1077 1746 etaltera:
1112 1676 1297 1770 phlogisti·

271 1825 335 1874 cae
364 1798 498 1892 magis,
527 1821 621 1891 quae
649 1799 753 1868 Statu
783 1800 890 1869 tertio
917 1810 1152 1887 memoratur,
1186 1803 1224 1870 in
1252 1825 1298 1871 ea

270 1935 408 2005 autem,
433 1945 524 2014 quae
554 1922 817 2012 Epidemiorum
844 1925 948 1993 tertio
978 1924 1070 2004 Seot
1088 1923 1139 1993 ΙΙ.
1164 1924 1302 1997 deseri·¹

272 2049 394 2127 bitur,
418 2043 701 2122 Constitutione,
730 2043 839 2136 magis
864 2045 1021 2114 biliosae.
1071 2048 1170 2116 llanc
1196 2047 1298 2138 prius

272 2166 503 2266 praecedenti
524 2166 677 2236 lectione
698 2166 799 2237 robis
821 2169 988 2260 proposui
1013 2191 1126 2260 eaque
1148 2192 1224 2236 eam
1248 2167 1297 2238 ob

255 2313 429 2364 ‚caussam
458 2291 575 2358 notari
608 2302 786 2373 meretur,
821 2291 989 2384 quoniam
1022 2314 1157 2362 summo
1184 2290 1302 2385 gradu¹

274 2414 515 2486 characterem
534 2413 640 2480 istum
660 2413 936 2506 erysipelaceum
961 2413 1091 2496 obiert,
1107 2438 1180 2508 quo
1205 2437 1298 2491 mor·,

273 2537 313 2608 bi
332 2535 449 2632 graeci
469 2533 719 2628 insigniuntur.
758 2534 880 2631 Atque
898 2537 944 2606 ab
964 2539 1033 2609 hoe
1051 2513 1298 2631 quidemchaff

271 2671 409 2731 ractere
425 2657 628 2752 repetenda
655 2670 710 2728 est
732 2658 856 2730 crebra
877 2662 1119 2732 metastasium
1145 2662 1182 2731 iu
1213 2664 1298 2732 scri·

272 2783 345 2877 ptis
367 2784 603 2853 llrrrocnffls
620 2779 895 2864 animadversio,
919 2807 987 2855 neo
1005 2809 1078 2856 nou
1093 2785 1296 2880 parotidum

274 2917 312 2976 ct
343 2907 490 3000 anginae
525 2917 578 3008 et*
597 2905 740 2975 orisium
773 2931 837 3002 per
873 2909 1006 2980 emesin
1037 2920 1074 2979 et
1116 2901 1296 2978 catbarsin

273 3030 396 3100 sedula
427 3028 630 3100 observatio
662 3040 699 3099 et
728 3031 926 3111 urinarum,
961 3033 1123 3125 linguae,
1157 3034 1297 3125 appeti·

272 3166 374 3225 tunm
396 3152 629 3234 naturalium,
655 3164 692 3223 et
717 3152 866 3248 diligens
886 3155 1043 3226 alimenti
1065 3157 1103 3226 in
1130 3155 1294 3227 couvale-

270 3276 452 3348 scentibus
469 3275 700 3372 praescriptio
717 3287 932 3372 notatusque
952 3279 990 3351 in
1009 3279 1294 3352 febricitantibus

270 3401 412 3472 abusus.
481 3471 508 3506 ι,
551 3445 561 3455 -

317 3523 405 3626 Erat
424 3534 544 3593 autem
570 3524 608 3593 in
634 3524 842 3618 erysipelate
867 3536 904 3595 et
926 3525 1233 3600 inflammatorium
1256 3541 1295 3602 et

270 3645 436 3718 biliosum
461 3645 674 3716 elementum
702 3649 754 3716 ita
776 3647 1028 3740 conjunctum,
1051 3666 1093 3726 ut
1123 3654 1293 3724 coaluisse

270 3770 496 3848 riderentur,
520 3779 641 3860 postca
670 3769 812 3840 demum
838 3773 1073 3869 sejungenda,
1099 3779 1149 3847 ita
1178 3789 1221 3846 ut
1250 3799 1294 3846 ex

271 3893 341 3964 boo
360 3865 536 3986 tamquam
551 3891 728 3962 communi
743 3895 916 3990 principio
934 3911 972 3968 et
986 3869 1084 3971 fonte
1105 3923 1183 3972 cum
1193 3898 1294 3994 phlo-

272 4035 391 4109 goses,
416 4024 493 4084 turn
516 4013 685 4113 choloses·
694 4016 1012 4111 proficiscerentur.
