2872 4870
420 415 609 478 staats
650 413 824 476 Fttvt.
1104 413 1157 476 tst

130 595 302 676 lraoidos,
328 595 554 691 eooliymoses
573 595 610 665 in
630 595 770 688 pleura,
796 599 954 689 nigrores
975 596 1012 665 in
1025 595 1159 694 pulmo·

127 746 200 802 na,
222 721 461 814 perioardium
483 723 550 791 seri
571 721 735 812 plenum,
762 741 821 790 oar
847 730 885 789 et
914 723 1060 792 arterias
1086 732 1161 790 tex·

128 862 234 919 turae
265 845 452 922 mollioris,
489 842 672 914 cerebrum
701 857 739 914 et
763 849 860 916 slnus
891 845 1061 936 sanguine
1086 855 1162 916 tur·

127 984 275 1065 egentes,
301 951 508 1061 sanguinem
541 966 714 1046 effusum,
741 969 942 1038 oellulosam
968 991 1046 1040 sero
1068 967 1162 1040 flavo

126 1092 330 1188 perlusam3
354 1117 447 1187 quae
479 1117 559 1162 oum
591 1091 728 1182 singula
754 1105 792 1162 et
818 1095 985 1164 universa
1009 1095 1085 1188 jam
1104 1094 1166 1164 ab·

126 1217 221 1296 sint,
243 1217 320 1310 jam
338 1214 473 1296 adsint,
499 1216 590 1287 nihil
617 1217 662 1286 de
689 1227 817 1288 natura
839 1217 924 1286 mali
942 1217 1162 1312 significant:

127 1341 223 1433 quin
253 1333 414 1430 rel'ipss
438 1338 632 1410 ¹uentriuuli
653 1339 851 1433 phlogosis,
878 1343 1031 1433 vulgaris
1058 1343 1165 1427 lieet,

127 1463 336 1542 interdum,
368 1485 441 1532 una
469 1487 549 1532 oum
579 1464 872 1556 symptomatibus
900 1466 1014 1559 ipsius
1042 1489 1166 1558 aegro·

124 1587 265 1672 -tantis,
302 1598 382 1680 post
418 1585 578 1656 morbum
609 1587 852 1679 gravissimum
884 1588 1165 1662 desiderabatun

133 1714 236 1782 ttaoo
257 1710 414 1780 referens
450 1709 774 1802 experientissimus
793 1712 832 1781 in
854 1711 968 1782 Indiis
997 1717 1166 1786 occiden-

131 1835 285 1907 talibus¹
305 1834 465 1904 medicus
496 1831 644 1904 Datum
677 1833 919 1923 (Rectorem
952 1836 1167 1933 historiques

132 1970 171 2033 et
209 1957 399 2029 mudnatis
440 1980 505 2026 sur
549 1955 586 2024 lo
606 1956 728 2050 fioore
752 1964 893 2051 jaune,
936 1961 1036 2032 Paris
1064 1962 1167 2036 1805.

130 2085 215 2178 pag.
246 2079 325 2173 16.)
358 2079 425 2172 (l)
464 2091 634 2151 sumniam
668 2100 744 2151 esse
784 2082 1037 2155 animadvertit
1072 2087 1166 2159 inter

128 2192 276 2279 ‘febrem
312 2203 518 2275 deremet
557 2203 762 2275 soorbutum
800 2207 1007 2300 analogiam.
1067 2211 1169 2305 Quae

128 2343 258 2404 utrum
274 2339 385 2399 ¹tantu
403 2326 470 2408 sit,
494 2339 663 2421 quantam
690 2351 766 2398 esse
789 2331 904 2401 voluit
925 2334 1017 2424 ipse,
1045 2335 1166 2420 robis,

131 2449 435 2548 'symptomatibus
459 2450 646 2546 utriusque
667 2453 791 2523 morbo
813 2453 967 2535 collatis,
993 2459 1049 2528 uti
1067 2459 1172 2532 milri-

128 2587 215 2646 ·rnet
234 2574 323 2668 ipsi,
347 2573 499 2645 dubium
518 2574 720 2663 videbitur,
744 2577 953 2671 praesertim
973 2579 1002 2650 si
1022 2592 1172 2677 atquae

137 2699 187 2770 de
210 2699 341 2769 caussis
366 2709 405 2769 et
421 2720 514 2792 quae
537 2698 584 2768 do
602 2697 769 2773 medendi
793 2700 963 2774 methodo
982 2703 1174 2782 uadit-m·

138 2834 239 2901 ator,
263 2820 405 2892 fueritis
423 2824 662 2896 commentati.

199 2946 247 3016 Et
270 2945 385 3039 primo
411 2945 557 3034 quidem
586 2946 686 3016 nasoi
716 2944 811 3015 hane
841 2946 975 3020 labrem
1010 2951 1174 3024 observa·

138 3071 227 3140 runt
254 3068 323 3138 sub
354 3066 544 3142 caloribus¹
562 3069 707 3140 aestivis
731 3071 892 3153 summis,
926 3097 1034 3168 prope
1064 3099 1174 3171 aquas

25 3241 28 3246 ·
142 3203 364 3286 stagnantes,
388 3190 428 3260 in
450 3190 539 3261 loois
566 3191 758 3284 depressis,
785 3195 964 3286 paludosis
993 3194 1049 3283 (ex
1071 3199 1175 3270 mins.

141 3316 259 3407 mate)
293 3314 404 3408 inque
440 3314 645 3406 regionibus
674 3317 784 3409 magis
817 3321 1042 3411 temperatis,
1076 3345 1175 3396 more

132 3437 342 3533 epidemiae
372 3438 615 3530 contagiosae,
654 3440 863 3531 propagari:
893 3442 1094 3536 quinimmo
1129 3471 1172 3520 ex

143 3561 245 3634 labro
261 3559 390 3632 biliosa
404 3561 609 3632 remittente
630 3572 743 3632 ortam
761 3563 870 3635 fuisse
888 3563 1025 3639 labrem
1043 3567 1174 3644 flavam

133 3719 365 3773 ’.ὲ--ι-ι

183 3873 225 3948 (l)
254 3871 446 3932 Recentiorum
466 3871 500 3930 da
526 3870 576 3931 liae
598 3871 673 3966 salire
700 3873 895 3932 observationes
921 3881 1078 3938 memorarit
1103 3880 1171 3948 doct.

139 3983 232 4042 Euius
255 3983 282 4040 in
307 3977 402 4038 ollula.
424 3989 502 4038 treet.
532 3999 567 4037 on
586 3981 632 4038 the
653 3981 771 4042 eudemio
788 3987 882 4058 [euers
901 3986 937 4059 ol,
955 3987 999 4045 tlte
1024 3989 1101 4052 West
1117 3991 1173 4052 In.

135 4063 210 4129 dies.
240 4059 441 4134 tono1837,·
460 4082 519 4144 pag.
540 4061 597 4122 255
621 4082 680 4146 sqq.
