2834 4874
393 385 867 453 lateantrrnnrre
1081 391 1139 454 147

98 574 217 668 rigore
243 583 384 653 carent,
408 582 512 644 aestu
534 581 653 639 temen
684 579 722 639 et
743 566 915 640 diuturno
946 568 1019 640 acri
1051 581 1136 643 sunt

100 699 298 791 plurimum
328 694 486 776 molesti,
519 692 617 786 aegri
645 693 782 764 vomitu
815 715 919 787 saepe
951 671 1136 766 tentantur

102 821 222 914 iisque
255 830 363 912 caput
393 817 604 914 plerumque
636 814 840 888 immaniter
874 815 997 906 dont,
1032 817 1140 891 sudor

102 941 302 1018 difficulter
319 942 501 1022 succedit,
524 940 589 1036 qui
607 961 714 1034 saepo
739 939 898 1032 partialis
918 964 961 1011 ac
989 943 1061 1013 cito
1082 944 1139 1018 in·

105 1076 294 1159 terruptus
324 1085 572 1166 paroxysmum
593 1087 672 1136 raro
695 1063 821 1145 solvit,
854 1062 943 1156 quin
969 1085 1052 1135 cum
1083 1089 1143 1138 su·

104 1189 192 1260 dare
221 1189 428 1268 desierrmt,
462 1186 582 1270 denuo
607 1186 850 1268 incalescunt,
883 1195 927 1256 ut
954 1187 1015 1258 vix
1046 1188 1142 1264 intre
1195 1233 1200 1246 ·

105 1309 212 1382 hores
240 1311 287 1386 18
305 1324 369 1383 aut
389 1309 447 1384 24.
470 1310 686 1408 quibusdam
708 1309 867 1382 accessio
889 1308 1047 1388 finiatur.
1082 1316 1144 1391 In·

106 1437 212 1506 terim
232 1460 256 1506 a
277 1457 402 1506 cruore
423 1435 615 1508 admodum
633 1420 830 1506 effervente
852 1433 1040 1526 phantasia
1061 1464 1144 1536 per·

107 1558 295 1641 turbatur,
327 1570 371 1633 ut
398 1583 504 1655 saepe
534 1559 725 1639 delirium,
758 1558 931 1630 fabulatio
966 1561 1144 1652 absurda,
1278 1581 1281 1592 “

107 1684 254 1776 vigiliae
280 1697 319 1756 et
337 1705 474 1756 summa
491 1682 723 1780 inquietudo,
747 1680 900 1753 durante
918 1704 1143 1780 paroxysmo,

110 1807 511 1895 concitentu1300dem
537 1829 622 1877 vero
650 1804 771 1885 finito,
797 1803 983 1889 interstitii
1006 1818 1145 1906 tempo·

110 1953 170 2012 re,
196 1931 319 2004 adhuc
338 1933 414 2006 sitis
433 1933 604 2012 molesta,
631 1928 726 2000 calor
752 1929 892 2008 lentus,
919 1929 1048 2030 virium
1067 1935 1144 2014 lan.

111 2075 197 2143 guor
216 2064 257 2126 et
276 2058 465 2148 spirituum
494 2077 621 2152 magna
647 2050 833 2132 debilitas,
859 2075 940 2125 cum
968 2055 1147 2150 cephalal-

112 2175 167 2266 gia
202 2189 244 2248 ct
278 2179 414 2252 affectu
454 2180 670 2272 vertiginoso
712 2177 921 2270 plerumque
962 2179 1145 2262 infestant.

111 2297 202 2371 Raro
223 2303 480 2384 inveniuntur,
504 2304 569 2398 qni
584 2309 691 2396 prout
709 2300 748 2368 in
770 2299 923 2370 tertiana
941 2309 1146 2400 communi,

113 2424 357 2496 accessionum
374 2426 572 2498 intervallis
597 2449 634 2496 se
655 2421 882 2495 mediocriter
904 2425 1049 2501 habent.
1139 2515 1142 2524 ¹

174 2548 281 2620 Circa
315 2549 431 2620 morbi
471 2549 646 2644 principia
679 2548 967 2621 exacerbationes
1003 2551 1148 2639 fabriles

113 2673 218 2764 paulo
244 2673 405 2746 mitiores
424 2675 602 2754 existunt,
630 2695 722 2766 quae
742 2683 867 2765 postea
885 2675 1046 2768 qualibet
1067 2675 1148 2748 viee

117 2798 246 2868 sensim
264 2796 517 2892 ingravescunt
534 2808 572 2866 et
591 2795 676 2868 dein
698 2817 779 2865 cnm
797 2795 912 2888 rigore
930 2809 994 2870 aut
1016 2799 1148 2896 frigore

119 2917 319 3015 incipiunt3
353 2921 413 2990 cui
445 2931 565 2990 tamen
593 2928 676 3012 post
706 2930 846 2990 aestum
871 2919 1081 2996 diuturnum
1110 2941 1149 3004 et

119 3043 224 3114 valde
246 3045 435 3116 molestum
452 3044 559 3117 sudor
586 3066 692 3138 aegre
710 3044 750 3112 in
771 3043 950 3142 plerisque
967 3047 1150 3134 succedit,

121 3162 172 3237 ita
195 3179 241 3240 ut
268 3191 492 3263 paroxysmus
517 3191 597 3239 raro
621 3167 891 3259 intemperiem
922 3166 1081 3239 debitam
1108 3171 1151 3266 fi'.

124 3290 254 3365 niatur.
304 3293 407 3364 Intra
435 3315 495 3362 sex
523 3301 587 3362 aut
619 3301 755 3383 septem
780 3289 945 3383 periodos
967 3293 1151 3386 aegrotan-

125 3413 213 3486 tium
241 3415 334 3488 viros
366 3416 558 3510 plurimum
588 3425 814 3496 atteruntur,
848 3425 891 3486 ut
919 3389 1079 3510 languidi
1114 3433 1154 3495 et

126 3534 319 3612 imbecillos
358 3537 445 3610 iacti
488 3538 635 3610 difficile
671 3537 828 3643 habeant
865 3563 1035 3634 pensum,
1071 3569 1153 3626 cum

128 3663 248 3732 morbo
267 3663 472 3735 colluctari:
497 3664 631 3758 quippe
656 3661 725 3734 nisi
750 3662 797 3734 ab
815 3675 891 3734 arte
908 3676 1057 3736 naturae
1074 3693 1154 3760 suos

128 3797 308 3867 curratur,
334 3787 442 3858 febris
465 3811 582 3880 usque
609 3787 791 3880 praevalet
819 3799 857 3857 et
879 3811 958 3856 raro
982 3800 1045 3859 aut
1065 3815 1156 3883 nun-

129 3931 234 4000 quam
261 3911 356 3981 intra
381 3910 490 3982 breve
522 3921 661 4003 tempus
691 3923 754 3986 aut
779 3909 860 3982 crisi
890 3911 1056 3998 solvitur,
1092 3929 1156 4000 aut

133 4035 259 4106 sensim
286 4035 455 4117 remittit,
480 4033 570 4130 quin
602 4034 750 4106 affectos
776 4033 947 4105 diuturna
972 4037 1156 4130 obsidione

912 4150 971 4213 10*
