2834 4874
140 408 564 480 connumeramur,
588 407 728 469 straus
751 368 988 498 ruontorcns.
1033 409 1090 474 ur

68 601 182 682 postea
208 588 448 667 increscente,
474 586 695 656 subitaneam
713 587 815 681 quasi
835 586 990 659 inferens
1018 586 1091 660 sui-

68 712 294 790 locationem,
313 734 393 778 mox
410 733 538 802 repens
559 708 604 778 ad
625 722 771 802 pectus,
794 733 874 782 cum
893 721 993 786 tanta
1017 711 1090 804 spi-

67 836 204 904 mtionis
236 836 497 914 coarctatione,
530 834 717 904 utstatim
750 845 972 926 aegrotantes
998 835 1089 904 mori

66 957 277 1030 riderentur.
326 958 502 1030 Paulatim
528 980 614 1028 vero
634 957 832 1048 occupabat
860 958 969 1030 etiam
990 980 1091 1060 prae·

65 1081 177 1152 cordia
197 1093 237 1152 et
258 1081 498 1152 ventriculum
514 1081 709 1174 aderatque
730 1069 880 1150 subinde
905 1081 1010 1150 tussis
1031 1103 1090 1152 va-

66 1203 146 1284 lida,
170 1229 244 1299 qua
266 1205 373 1276 etiam
394 1217 628 1298 praegnantes
645 1206 784 1298 aliquae
810 1203 1011 1276 laborantes
1030 1205 1090 1274 rel

66 1325 218 1397 abortum
234 1328 480 1421 patiebantur,
507 1329 564 1399 vel
583 1329 700 1398 subito
719 1316 935 1398 interibant.v
949 1359 996 1377 ·-
1018 1325 1089 1400 Hic

65 1460 174 1519 autem
200 1450 346 1522 morbus
371 1463 538 1544 tanquam
564 1449 655 1523 flatu
685 1451 805 1544 aliquo
836 1449 1085 1533 oboriebatur,
1189 1529 1192 1540 ,

67 1593 138 1638 oum
164 1572 321 1644 nebulae
352 1575 483 1645 densae
507 1575 669 1670 maleque
702 1575 838 1644 olentes
868 1597 931 1665 per
952 1575 1089 1669 aliquot

65 1693 132 1763 dies
147 1697 246 1788 prius
269 1696 560 1789 praecessissent,
586 1697 677 1768 adeo
696 1695 816 1768 subito
836 1696 1016 1788 irrepens,
1042 1709 1086 1772 ut

65 1819 149 1888 mille
181 1820 351 1892 mortales
384 1844 456 1890 uno
494 1818 570 1890 sere
605 1831 785 1890 momento
822 1816 1004 1889 invaserit.
1037 1856 1084 1876 ·-

67 1940 167 2012 Pauci
192 1944 415 2024 evadebant,
452 1945 483 2012 si
504 1942 614 2014 febris
641 1942 813 2013 continua
844 1964 904 2012 cos
933 1940 1087 2034 prehen-

66 2065 179 2139 disset:
206 2070 269 2141 rix
285 2089 420 2140 nonum
438 2068 535 2138 diem
558 2064 799 2160 attingebant,
823 2075 887 2134 aut
904 2061 1083 2143 decimum

65 2201 217 2279 quartum
260 2189 485 2285 superabant.
541 2190 681 2284 Quibus
711 2188 757 2258 ad
791 2187 836 2261 17
863 2185 941 2258 dies
973 2187 1096 2260 t'ebris¹

65 2315 336 2400 protraheretur,
363 2312 571 2408 hiquidem
594 2309 997 2408 optimecurabantur.’'

105 2437 229 2510 Similis
250 2438 435 2510 catarrhus
458 2436 677 2530 epidcmicus
706 2435 751 2506 ab
774 2435 899 2507 eodem
927 2424 1083 2508 Fortasse

64 2554 199 2652 Delphis
220 2562 430 2634 observatus
448 2571 512 2632 est.
560 2584 583 2630 »
596 2560 641 2632 A.
662 2559 764 2634 1580.
790 2560 884 2632 circa
904 2558 938 2630 d.
958 2559 1014 2632 20.
1036 2582 1096 2640 m„

65 2677 153 2752 lunii
174 2696 211 2757 et
242 2697 360 2757 totum
383 2683 519 2756 lulium
547 2707 594 2756 m.
619 2682 770 2775 Delphis·
790 2682 934 2774 publice
955 2706 998 2756 ae
1023 2708 1083 2755 ca·

66 2812 215 2882 terratim
247 2810 494 2904 grassabantur
525 2807 699 2886 catarrhi,
725 2806 844 2876 subito
863 2805 1097 2890 dilabentes„

66 2947 221 3004 unacum
241 2935 340 3006 sobre
359 2930 550 3004 admodum
568 2929 771 3020 contagiosa
785 2930 823 2996 in
837 2927 975 3008 lauces,
1002 2939 1083 3020 gut·

64 3057 115 3119 tur
142 3067 177 3131 et
204 3058 409 3152 pulmonem
438 3057 618 3136 irruente,
653 3076 734 3124 eum
765 3051 861 3120 vocis
889 3050 1082 3120 raucedine

66 3181 99 3240 ei
122 3180 205 3250 tussi
227 3180 365 3261 valida,
389 3182 441 3251 ita
465 3191 508 3249 ut
533 3179 693 3268 integrae
716 3173 870 3244 familiae
894 3171 1013 3242 subito
1038 3195 1081 3242 eo

66 3298 147 3370 nato
169 3303 454 3401 corriperentur,
478 3302 567 3372 lieet
594 3299 655 3371 hie
676 3296 826 3370 morbus
847 3294 964 3366 minus
989 3297 1083 3388 peri·

67 3420 194 3498 culosus
217 3430 336 3510 foret,
360 3449 441 3498 eum
469 3425 614 3520 plurimi
636 3422 740 3494 lacile
760 3418 975 3502 evaderent,
1001 3445 1082 3492 san-

67 3541 160 3628 guine
187 3553 332 3644 qnidam
358 3551 478 3620 statim
507 3548 670 3618 detracto
691 3557 728 3618 et
751 3544 1011 3616 medicamento
1030 3547 1082 3614 le,

65 3661 167 3739 nitiso
189 3673 327 3744 hausto.
379 3673 523 3744 Interea
553 3695 625 3742 non
655 3670 825 3749 dciirant,
859 3670 923 3761 qui
949 3669 1081 3740 extoli

66 3793 213 3867 catarrho
233 3797 272 3868 in
291 3821 412 3869 omnes
438 3821 478 3867 ex
506 3818 622 3889 aequo
652 3793 793 3864 furente
820 3792 858 3861 in
886 3789 1080 3882 peripneu-

66 3915 204 3988 moniam
228 3921 438 3994 inciderent.
486 3919 599 3988 Erant
617 3915 677 3986 alii
700 3913 804 3991 multi
826 3937 869 3982 ex
892 3913 960 3982 hae
980 3912 1079 3992 labra

66 4033 431 4140 malignautaborantes
464 4065 506 4114 ae
542 4040 638 4112 vocis
667 4034 860 4110 raucedine
885 4042 1080 4122 tumtussi
