2872 4870
340 390 459 474 oseca
472 371 530 455 'm
556 391 731 458 suevum
758 395 969 459 rnoxrunu.
1113 389 1178 480 ass
1302 355 1308 368 ’

142 575 284 644 maniae
314 575 457 649 nothas.
514 575 638 663 Plures
672 598 860 648 nervorum
892 576 1026 657 morbi,
1063 601 1169 672 quam
1197 651 1201 662 ,

141 697 215 770 hac
252 710 465 800 tempestate
497 699 665 770 invadere
698 701 832 785 solent,
864 701 1170 773 convalescentiae

143 821 287 902 tardae,
313 823 444 915 pedum
462 823 648 893 oedematn
664 833 744 916 post
762 823 859 893 leves
879 821 1036 904 morbos,
1061 825 1171 907 ruani-

143 967 202 1014 me
221 957 301 1038 post
316 947 512 1016 rheumata.
561 947 662 1040 Quae
681 956 852 1016 autumno
869 959 1094 1038 regnaverat,
1121 947 1172 1018 le'·

98 1155 103 1160 ¹
144 1067 219 1140 bris
231 1071 564 1165 -annnapituitosa,
589 1093 653 1162 per
673 1081 783 1140 totam
801 1070 965 1163 hyemem
986 1081 1170 1164 protensa,

144 1182 209 1266 ver
224 1196 346 1288 attigit
366 1196 528 1290 primurn.
568 1195 666 1264 llaec
685 1192 873 1284 deinceps,
897 1205 1033 1264 aestate
1054 1205 1091 1265 e't
1108 1219 1173 1264 au-

146 1329 271 1390 tumno
291 1331 483 1412 sequente,
508 1319 547 1388 in
564 1317 743 1410 putridam
765 1327 922 1387 mutatas
945 1327 1086 1409 postea,
1112 1342 1173 1388 an·

143 1465 194 1514 no
223 1441 327 1517 1782,
358 1441 471 1513 'febris
496 1465 605 1515 verna
625 1439 855 1533 depuratoria
884 1439 1175 1510 inflammatorio·

145 1567 315 1660 gastrica,
341 1577 419 1638 tum
441 1565 606 1658 hepatiea
636 1564 731 1635 loeta
757 1574 830 1644 est,
854 1573 897 1632 ut
914 1583 1096 1656 nunquam
1117 1574 1173 1633 tot

143 1693 243 1763 visae
280 1694 352 1763 sint
384 1703 455 1760 tam
489 1689 701 1768 chronicae,
734 1709 842 1782 quam
871 1697 999 1756 ecutae
1032 1686 1173 1780 hepatis

143 1813 396 1912 aegritudines.
486 1840 490 1848 ⁴
1083 1812 1085 1818 ’

195 1941 256 2013 Ab
283 1939 364 2010 hoe·
381 1935 465 2006 inde
495 1947 653 2030 tempore
679 1934 832 2005 lebrium
855 1931 1104 2004 catarrhalium
1134 1944 1172 2004 et

147 2043 302 2143 febrium
325 2082 554 2134 nervosarum
578 2060 614 2128 in
637 2057 823 2128 annalibus
850 2057 1069 2126 medicorum
1096 2082 1174 2151 pap.

146 2161 289 2271 oreliuit
303 2209 432 2260 nornen
444 2237 451 2264 ,
463 2184 702 2276 potissimum,
715 2205 756 2250 er
773 2204 845 2274 quo
865 2181 1027 2252 Baownn
1044 2183 1175 2275 placita

148 2324 260 2418 magis
280 2323 426 2405 accepta
445 2319 482 2378 et
500 2329 521 2375 a
539 2303 687 2375 medicis
705 2287 871 2397 practicis
889 2304 1036 2397 probata
1054 2304 1174 2397 luere,

151 2453 227 2527 sive
256 2439 461 2514 dominante
493 2423 749 2499 constitutione
776 2425 982 2508 asthenica,
1007 2452 1175 2510 nervosa,

147 2586 191 2647 ut
208 2565 329 2640 multis
353 2560 467 2631 risum
492 2566 565 2632 est,
590 2551 666 2621 sive
688 2562 825 2620 mutata
853 2550 899 2620 de
918 2550 1048 2620 morbis
1069 2552 1178 2622 theo·

27 2659 31 2664 =
146 2699 230 2770 ria·
260 2683 411 2760 Interim
432 2678 562 2774 typhus
593 2675 825 2745 abdominalis
856 2673 966 2766 magis
995 2679 1176 2769 magisque

147 2819 365 2895 invalescere
392 2803 530 2897 coepit,
567 2785 801 2870 evanescente
831 2819 873 2864 ex
904 2795 1045 2894 Europa
1076 2810 1178 2891 pesve

148 2935 350 3038 inguinaria
375 2953 418 3000 ac
445 2911 693 3001 decrescente,
719 2941 811 3014 quae
842 2919 935 2988 hanc
961 2931 1083 2989 secuta
1103 2935 1176 3004 est,

149 3071 250 3146 febre
277 3061 351 3132 sive
373 3049 482 3148 typho
509 3043 721 3142 petechiali:
748 3044 833 3114 dum
852 3052 972 3111 nostra
999 3054 1095 3113 aetas
1120 3047 1195 3116 vi·'

146 3195 204 3267 dit
222 3209 296 3261 non
314 3188 452 3252 tantum
469 3178 692 3242 renascentes
713 3166 857 3260 lateque
876 3175 1039 3257 patentes
1064 3167 1176 3238 inter-

150 3317 335 3398 mittentes
361 3275 596 3395 epidemieas,
621 3291 683 3363 sed
704 3290 960 3384 epidemiarum
986 3290 1178 3364 miasmati.

63 3494 71 3500 ,
94 3485 97 3490 ·
146 3457 271 3514 carum
292 3423 507 3524 principem:
534 3417 715 3488 choleram
733 3415 943 3494 maricam,
969 3412 1178 3506 pandemiag

146 3557 348 3636 mundanae
388 3545 610 3638 contagiosae
638 3539 705 3610 sub
736 3560 910 3633 persona,
943 3560 1176 3633 peromnem
1242 3557 1244 3562 ·

145 3686 267 3762 orbem
289 3673 475 3748 cultiorem
495 3666 724 3772 saevientem.
