2900 4874
452 393 612 490 nonar
643 395 965 462 inventuro.
1172 397 1215 462 u

185 602 278 652 esse.
327 576 373 650 Id
405 577 503 674 quod
534 575 622 647 loeis
658 597 896 670 supraema
928 578 1045 652 uitatis
1070 577 1218 656 abunde

183 702 372 797 probatur.
420 699 615 793 Utriusque
642 699 757 770 morbi
783 705 963 798 praesagia
993 703 1216 798 potissimum

186 850 212 896 a
235 823 324 897 vooe
345 837 382 896 et
403 827 635 918 respiratione
654 823 730 918 peti
746 836 925 916 oportere,
951 827 1124 903 morbillis
1142 852 1215 900 rna·

186 949 261 1045 gis,
287 969 395 1044 quam
417 947 559 1020 variolis
586 947 823 1017 ventriculum
845 949 1020 1034 subverti,
1045 951 1125 1024 illos
1151 954 1216 1024 mi·

182 1099 257 1146 nus
285 1073 384 1144 hisee
418 1069 567 1142 infestos
595 1071 825 1151 oculissime,
857 1073 1110 1148 animadvortit
1140 1077 1217 1150 neu

183 1199 297 1270 Sum:
320 1218 413 1290 quae
425 1193 585 1288 prolecto
604 1206 815 1277 monstrant,
831 1195 990 1268 nondum
1005 1198 1094 1270 haee
1110 1224 1215 1274 exan-

186 1321 353 1390 themata
387 1319 439 1388 ita
470 1318 580 1390 luisse
613 1317 790 1402 discreta,
824 1343 867 1390 ao
902 1321 1001 1392 luere
1034 1321 1215 1418 deinceps.

186 1441 343 1537 Itaque,
365 1466 478 1536 quarn
499 1453 643 1536 propter
661 1443 941 1514 testimoniorum
967 1443 1217 1522 historicorum
1263 1485 1268 1500 ·

186 1565 348 1660 inopiam
368 1567 414 1638 de
436 1565 679 1638 morbillorum
702 1566 814 1636 sonna
837 1589 880 1636 ae
901 1568 1020 1660 speeie
1034 1569 1215 1662 jpdieinm

184 1694 238 1762 sit
265 1690 436 1771 difficile,
470 1691 558 1762 illud
589 1690 712 1778 sallem
741 1690 857 1760 notari
889 1701 1063 1772 meretur,
1095 1693 1215 1768 seenlo

185 1826 322 1886 octavo
349 1827 386 1885 et
407 1837 501 1884 nouo
525 1813 704 1884 catarrhos
727 1811 943 1906 epidemieos
966 1836 1029 1906 per
1051 1815 1214 1908 Italiam,

186 1937 345 2013 Galliam
367 1947 406 2008 et
433 1935 657 2011 Germaniam
682 1957 856 2029 regnasse.
904 1936 1021 2031 Hujus
1042 1940 1137 2010 enirn
1158 1957 1217 2036 gea

186 2063 287 2134 neris
323 2061 468 2134 luerunt
503 2059 613 2132 febris
645 2059 774 2132 Italica
804 2059 975 2153 dolorque
1013 2064 1216 2152 oculorum,

184 2209 286 2280 quae
305 2183 543 2278 germanicum
569 2183 739 2277 populum
763 2184 856 2253 eirea
881 2181 1046 2256 Rhenum
1065 2186 1217 2262 maxime

187 2307 347 2401 graviter
383 2329 526 2380 vexasse
566 2305 730 2380 teruntur
760 2319 798 2380 et
829 2307 1033 2402 pestilentia
1067 2310 1216 2402 ingens,

189 2453 287 2526 quae
315 2431 509 2504 exereitum
542 2431 762 2502 carlomanni
792 2443 916 2504 senata
944 2443 999 2502 est
1029 2430 1076 2506 de
1106 2434 1217 2508 ltalia

189 2556 421 2634 redeuntem,
445 2557 496 2626 ita
520 2567 562 2628 nt
592 2556 734 2647 plurimi
761 2554 944 2626 tussiendo
968 2554 1131 2648 spiritum
1156 2579 1215 2626 ex·

189 2676 374 2750 balarent:
391 2678 540 2772 aliisque
557 2678 665 2772 pestis
685 2676 919 2758 describitur,
936 2675 1039 2774 quasi
1055 2677 1163 2749 lebris
1177 2689 1216 2752 et

191 2802 322 2885 missis,
353 2825 425 2897 qua
455 2802 578 2895 paneis
608 2801 788 2874 mensibus
820 2823 944 2894 magna
971 2823 1053 2894 pars
1077 2799 1216 2876 Galliae

190 2927 322 2998 hausta
344 2935 399 2998 eat
424 2947 587 3020 quaeque
617 2934 854 3020 prosequente
884 2948 1028 3020 quoqne
1059 2923 1218 2994 mortali·

190 3061 268 3122 tate
284 3073 348 3144 per
366 3060 512 3121 enuotas
537 3045 747 3120 Germaniae
775 3046 984 3142 Galliaeque
1009 3058 1132 3140 gentes
1150 3043 1216 3118 de·

188 3173 320 3246 saeviit
341 3175 486 3244 fissus
510 3195 545 3266 p.
567 3170 645 3246 108.
670 3173 692 3240 1.
712 3173 735 3242 l.
784 3171 924 3264 Quibus
942 3172 1088 3269 quidem
1104 3180 1218 3241 eatar-

189 3296 266 3369 rhis
297 3295 504 3392 epidemieis
527 3293 680 3366 indieari
707 3297 947 3366 charaeterem
978 3291 1217 3387 epidemieum

191 3419 274 3492 aeri
306 3419 418 3490 medii
452 3419 656 3499 animalem,
692 3417 849 3510 spirandi
887 3415 1050 3488 officinae
1085 3414 1218 3488 morbis

189 3565 393 3638 expressum
413 3553 521 3636 atque
549 3542 744 3634 insignem,
770 3540 1006 3612 recentiorum
1024 3539 1070 3610 de
1091 3540 1219 3633 patho·

189 3669 284 3760 logia
301 3667 473 3738 historica
494 3674 681 3737 auctorum·
705 3687 876 3759 perquam
898 3662 1106 3738 verosimilis
1135 3685 1218 3756 eon,-

186 3795 331 3886 jeetura
350 3801 415 3862 est.

641 4001 739 4022 ῃ
