2900 4874
363 389 933 460 Bastts‘mctrrtonnn:
1122 391 1159 450 Ἰ9

137 576 284 671 pectoris
305 573 522 644 irritationes
551 583 834 663 caat.;'qnorum
856 573 953 662 prius
978 572 1131 666 algidum
1145 613 1160 654 ‚·

138 702 283 770 alterum
314 697 439 766 caloris
461 697 604 770 lebrilis·
623 693 898 786 adpellavernnt.
948 694 1081 770 Similia
1105 709 1160 767 at·

137 835 219 918 qne
234 825 274 892 in
302 821 462 900 cholera,
497 819 535 888 in
564 819 723 892 febribus
751 819 997 899 miasmatieis,
1033 822 1156 894 aliisae

135 945 315 1020 veneficiis
344 943 577 1016 animadverti
598 942 730 1024 solent3
755 965 836 1012 nam
865 941 904 1012 in
926 953 1026 1015 tanta
1041 947 1158 1017 varie-i

135 1081 205 1140 tata
244 1091 446 1141 caussarum
472 1068 565 1138 mira
597 1077 652 1136 est
681 1075 830 1136 naturae
863 1065 940 1137 siae
968 1067 1157 1160 peneum,

134 1195 204 1264 riae
224 1192 415 1280 renitentis
440 1190 644 1284 simplicitas
663 1201 700 1260 et
724 1191 983 1260 convenientia.

176 1319 304 1410 Neque
320 1316 560 1395 reticendam,
577 1311 766 1384 memoriae
777 1313 925 1406 prodita
941 1337 1018 1384 esse
1034 1339 1154 1388 exem·

132 1441 187 1534 pla
204 1431 322 1512 morbi
340 1440 557 1516 transeuntis
580 1437 619 1508 in
643 1435 791 1530 typhum
814 1438 923 1532 inque
942 1437 1079 1512 labrem
1098 1445 1156 1516 in·

134 1567 390 1638 terminantem
423 1564 496 1657 (⁴⁸).
544 1561 721 1653 Quocirca
744 1560 956 1652 jure-crito
988 1565 1154 1642 affirmari

133 1698 266 1778 potest,
288 1685 361 1756 hoc·
377 1697 555 1779 tamquam
574 1696 658 1779 typo
678 1684 929 1777 comprehendi
950 1687 1152 1764 morborum

132 1809 311 1885 fabrilium
332 1810 530 1904 complures
548 1811 683 1902 speeies
701 1832 743 1879 ac
763 1808 903 1908 formas·

190 1935 227 2006 Si
257 1935 446 2028 AEgyptum
477 1943 634 2002 veterem
663 1955 743 2002 cum
775 1933 926 2026 AEgypto
960 1939 1153 2013 recentiori

131 2057 376 2140 conferamus,
409 2057 645 2150 intelligemus
679 2068 717 2126 et
747 2067 908 2128 veterum
937 2059 983 2130 de
1011 2064 1152 2162 AEgypti

128 2183 338 2253 salubritate
365 2181 525 2252 encomia
552 2193 589 2250 et
611 2182 848 2252 recentiorum
871 2183 916 2250 de
939 2185 1080 2280 AEgypti
1097 2192 1151 2262 in.

129 2307 338 2377 salubritate
364 2303 534 2400 querelas.
583 2303 826 2398 Intelligemus
854 2305 1084 2402 prophylaxin
1112 2326 1149 2386 et

128 2430 322 2524 hygieinen
344 2453 476 2500 sacram
500 2439 598 2498 tanta
618 2428 735 2500 studio
759 2433 1151 2523 arageLoptimatibus

127 2565 165 2624 ct
191 2554 323 2647 populo
347 2555 503 2634 cultam,
527 2565 568 2622 ut
593 2577 676 2644 gens
705 2552 922 2624 medicorum
945 2579 1021 2628 esse
1048 2560 1149 2632 ride.-

127 2688 248 2748 retur:
273 2676 509 2768 intelligamus
535 2699 738 2746 numerosos
760 2675 839 2746 illos
867 2678 956 2750 ritus
980 2680 1150 2756 diaeteti·

130 2825 190 2872 cos
208 2823 449 2894 summamque
464 2801 654 2870 munditiei
677 2823 797 2870 euram
817 2813 855 2871 et
873 2801 1045 2890 cadavera
1068 2831 1149 2893 con-

128 2924 252 3000 diendi
285 2947 418 2995 morem
449 2937 485 2995 et
512 2925 769 3020 quamplurima
800 2927 867 2995 alia
904 2927 1147 3022 AEgyptiornm

127 3048 314 3130 instituta,
339 3071 430 3141 quae
457 3073 498 3120 ex
526 3049 593 3118 loci
622 3059 749 3120 natura
775 3051 991 3123 commodam
1005 3053 1152 3138 2habant

129 3170 456 3264 interpretationem
481 3197 644 3267 quaeque
674 3197 754 3244 cum
776 3173 883 3246 hodic
908 3177 1150 3270 negligantur,

128 3294 309 3386 politeiam
346 3295 520 3364 medicam
553 3283 804 3368 sacerdotalem
839 3298 981 3392 AEgypti
1019 3304 1149 3376 veteris

127 3439 169 3486 eo
187 3418 297 3510 magis
322 3419 504 3490 extollunt.
677 3511 680 3516 Ι
1051 3430 1053 3438 ’
1143 3505 1148 3510 ¹

173 3540 449 3629 lucubationem
469 3545 508 3612 in
534 3546 671 3637 templis
698 3546 856 3616 Deorum
875 3544 973 3636 quod
994 3545 1149 3631 adtinet,

127 3665 272 3734 ridetur
301 3690 342 3735 aa
367 3669 412 3736 ad
435 3669 648 3738 medicinam
672 3669 843 3764 magicam
868 3681 905 3738 et
930 3669 1152 3740 somnambu·

125 3787 264 3858 lismum
291 3792 494 3881 pertinere,
528 3815 620 3885 quae
646 3805 716 3875 tarn
748 3817 791 3862 ex
821 3792 1008 3886 psychica,
1042 3813 1164 3888 quam·

124 3969 381 3992 *naun-*mr

164 4071 217 4144 (Ἴ
246 4069 374 4146 Hecura,
399 4075 558 4136 Geschr'clrte
577 4074 626 4134 der
646 4094 765 4136 necarere
787 4073 964 4151 titillante,
993 4098 1021 4156 p.
1035 4079 1095 4142 -105
1113 4099 1151 4160 sq.
