2900 4874
507 329 884 396 ttalotsa·
1153 334 1194 402 H

287 509 564 584 exanthematici
597 511 798 608 pestilentis
834 510 925 586 ratio
968 507 1193 591 subindicare

285 637 468 712 videretur
481 637 499 708 i

184 762 256 840 VI.
290 762 390 854 Quot
411 785 455 836 ao
482 761 606 858 quales
633 769 717 834 sunt
749 759 942 837 varietates
972 758 1195 840 variatarum

285 885 461 957 hacteuus
485 884 675 977 cognitae?

165 1010 255 1085 VII.
290 1008 387 1102 Quid
406 1009 601 1081 inoculatio
621 1020 660 1082 et
674 1005 874 1086 succinctio
894 1004 988 1082 circa
1005 1007 1075 1088 hoo
1090 1033 1197 1088 orso·

287 1131 408 1206 thema
426 1131 655 1206 docueruut?

580 1349 790 1386 ...φ-...-

442 1513 604 1576 uocet
641 1514 914 1582 GRAECIAR

217 1727 377 1802 Alteram
401 1725 540 1818 generis
558 1722 705 1798 humani
724 1735 880 1799 aetatem
898 1726 1065 1800 vixerunt
1084 1725 1195 1816 Grae·

163 1853 223 1935 ei.
252 1849 551 1950 quemadmodum
577 1851 702 1945 popuii
731 1850 869 1929 cultus,
894 1847 1097 1944 ingenium.
1120 1879 1196 1931 mo·

166 2002 246 2059 res,
268 1973 386 2046 morbi
404 1982 590 2044 testantur.
615 1975 663 2048 Hi
679 1973 725 2046 ab
743 1976 931 2056 uesano,
957 1974 1066 2053 docto
1082 1977 1195 2052 histo·

163 2103 243 2194 riae
271 2101 485 2194 interprete,
511 2096 734 2192 adpellantur
761 2096 1082 2190 semi-Orientales;
1106 2127 1197 2198 quo.

164 2225 266 2298 cirea
282 2245 357 2296 non
379 2220 606 2304 mirabimur,
630 2221 787 2296 Orientis
811 2219 952 2292 morbos
972 2220 1019 2293 ad
1034 2247 1097 2296 eos
1124 2239 1196 2297 ua-

163 2348 297 2422 ductos
325 2345 457 2426 fuisse,
491 2354 630 2416 motata
654 2345 815 2442 quamvis
841 2343 976 2416 forma:
1009 2346 1117 2418 alium
1142 2361 1195 2422 ta·

166 2494 253 2544 men
270 2471 365 2541 inter
384 2469 479 2563 ipsos
500 2467 674 2539 exstitisse
693 2468 935 2540 characterem
952 2471 1193 2564 nosologicum

167 2606 209 2668 et
234 2593 377 2689 genium
396 2592 656 2690 epidemicum,
678 2589 767 2688 quos
787 2614 885 2664 nunc
913 2592 1127 2688 investigare
1156 2605 1196 2668 et

164 2717 371 2792 describere
398 2715 601 2814 oportebit,
624 2716 718 2789 duce
738 2711 891 2812 primum
918 2726 1027 2814 atque
1047 2727 1196 2812 auctore

166 2844 424 2926 nascaris,
448 2839 668 2932 medicorum
691 2841 854 2921 Homo·

557 3047 803 3115 CAUSUS

223 3257 271 3332 In
299 3255 566 3356 Epidemiemm
593 3257 700 3331 Libro
729 3259 837 3332 tertio
867 3259 1105 3332 Hierocasrrs
1131 3257 1196 3333 ds·⁴

164 3383 337 3457 scribitur
369 3383 585 3457 Constitutio
614 3383 790 3456 Pestilens
824 3394 1033 3478 sequentem
1056 3383 1096 3454 in
1122 3397 1198 3454 uro-¹

164 3510 276 3581 dum:
311 3505 447 3580 »Anni
465 3519 677 3603 tempestate
700 3508 876 3590 austrina,
896 3507 1195 3590 calida,·humida

166 3633 366 3726 regnabant
394 3633 607 3729 erysipelate
628 3645 667 3705 et
690 3633 839 3728 anginae
866 3643 905 3704 et
931 3631 1049 3703 febres
1070 3632 1196 3703 arden·

164 3768 222 3828 tes
247 3770 286 3828 et
315 3757 470 3851 aphthae
495 3769 534 3830 et
561 3757 766 3840 anthreees,
791 3758 872 3829 alvo
893 3754 1102 3852 perturbata
1122 3757 1198 3828 uri·¹

163 3883 297 3978 nisque
336 3881 499 3953 turbidis.
556 3882 603 3951 In
638 3880 799 3953 iebribus
829 3891 950 3952 autem
986 3879 1196 3953 ardentibus

164 4003 381 4098 phreniticis
396 4003 652 4081 observabatur
667 4004 744 4101 jam
763 4002 810 4078 ab
825 4001 929 4078 initio
948 3999 1054 4100 sopor
1069 4017 1107 4079 et
1128 4004 1196 4079 sub
