2834 4874
375 382 539 446 SUDOR
581 380 849 448 recolens,
1096 383 1135 446 97

102 563 207 634 nitor.
234 585 282 610 ⁶·-
308 561 346 632 si
362 572 490 632 natura
510 557 612 642 fluit,
637 559 746 634 sudor
763 553 920 657 proxima
938 573 992 635 est
1010 585 1132 636 neces·

104 689 190 756 saria
207 683 402 780 patientia,
428 694 504 756 tum
529 696 677 756 naturae
705 688 825 760 locum
853 687 958 767 dare,
985 697 1133 758 conotus

105 810 180 902 ejus
199 832 271 878 non
291 806 484 900 impedire,
509 808 604 880 vires
630 833 704 880 non
723 809 902 902 frangere,
929 831 1008 880 cam
1031 820 1134 880 motu

102 951 176 1002 non
198 928 413 1023 defatigare,
439 930 566 1000 eodem
595 945 784 1004 momento·
800 933 1031 1013 decumbere.
1056 955 1135 1005 res·

103 1065 160 1124 tes
187 1053 260 1123 nisi
294 1053 477 1123 commode
503 1065 653 1146 possunt
678 1053 803 1136 eximi,
833 1080 906 1128 non
932 1057 1134 1151 deponere,

101 1177 209 1256 alias,
237 1176 299 1247 sed
310 1175 432 1259 modo,
455 1179 484 1248 si
502 1202 592 1271 opus
611 1191 682 1261 est,
708 1202 907 1261 accersere,
934 1179 1134 1261 abstinere,

100 1319 323 1393 quocunque
336 1301 601 1375 modonatur'ae
615 1302 802 1397 quietique
823 1325 900 1373 sese
921 1300 1067 1384 dedere,
1085 1301 1134 1374 de

101 1447 142 1494 se
154 1423 285 1493 bonam
303 1447 400 1517 spem
418 1427 621 1522 concipere,
641 1451 791 1522 eamque
808 1426 909 1496 brevi
925 1424 1045 1496 datam
1057 1426 1135 1500 sore

100 1545 174 1650 sibi
203 1547 437 1640 persuadere,
470 1549 587 1622 ¹animo
620 1553 748 1622 valere.
773 1583 820 1600 -·
844 1548 1004 1622 Sudandi
1030 1549 1139 1620 mini·

101 1671 313 1766 strandique
344 1684 484 1766 tempus
507 1647 590 1745 ideo
614 1673 711 1744 horis
735 1669 783 1744 24
805 1670 939 1742 definio
963 1669 1030 1760 (ita
1055 1689 1137 1767 per·

103 1796 171 1888 git)
196 1796 295 1889 quod
314 1794 406 1866 baec
430 1796 522 1867 ratio
543 1796 658 1866 felicis
679 1805 850 1887 tutaeque
872 1794 1065 1866 curationis
1084 1808 1138 1868 at·

102 1942 178 2014 que
199 1918 470 1992 ministrationis
494 1903 698 1990 erso'solet.
745 1917 816 1987 Per
846 1914 937 1986 baec
966 1917 1053 1991 dum
1080 1944 1137 1991 su·

104 2041 173 2112 dor
192 2053 317 2134 sponte
338 2040 501 2134 profluit,
526 2041 740 2112 abstinentia
759 2051 836 2112 esto
855 2065 876 2110 a
895 2041 985 2112 cibis
1006 2043 1049 2114 ad
1071 2044 1139 2116 bo·

104 2183 165 2234 ras
186 2161 252 2246 24,
278 2187 299 2234 a
324 2165 471 2256 potione
489 2165 534 2236 ad
561 2166 664 2236 boras
682 2165 842 2261 quinque
863 2163 908 2234 ad
933 2165 1137 2250 minimum,

106 2286 231 2380 siper
259 2287 448 2381 utriusque
478 2289 727 2358 necessitatem
759 2287 796 2356 id
829 2286 909 2357 fieri
937 2299 1066 2380 potest.
1089 2327 1139 2350 ι·-
1253 2385 1256 2391 Ι

107 2411 170 2480 Ita
186 2411 225 2479 in
244 2411 368 2504 quiete
397 2419 434 2479 et
454 2409 670 2480 abstinentia
698 2410 832 2481 habitis
854 2411 988 2502 aegris,
1013 2413 1140 2506 quinta

108 2535 200 2603 hora
221 2534 402 2625 potionem
422 2532 529 2603 etiam
550 2533 733 2606 liberalem
751 2537 917 2628 postulat.
953 2535 1026 2606 Noc
1045 2560 1139 2606 com·

109 2656 326 2726 mittendum
345 2669 418 2738 est,
443 2668 608 2751 utsupra
627 2660 721 2730 vires
737 2682 841 2751 aeger
857 2655 1017 2740 insudet,
1041 2659 1139 2753 quod

111 2783 229 2875 potior
258 2791 313 2850 est
334 2779 444 2850 dubia
471 2782 607 2851 curatio
633 2792 741 2875 atque
769 2783 884 2862 salus,
909 2806 1016 2875 quam
1041 2796 1141 2856 certa

112 2928 218 2974 mors.
267 2901 305 2974 Si
324 2925 465 2974 somnus
487 2916 607 2998 urget,
631 2916 707 2976 esto
730 2930 751 2974 a
774 2927 896 2976 somno
914 2906 1139 2978 abstinentia.

111 3026 332 3101 Reiocillatis
350 3027 532 3120 spiritibus
551 3029 580 3099 si
599 3053 687 3120 opus
708 3041 786 3109 est,
806 3039 984 3120 superest,
1010 3053 1047 3100 se
1065 3053 1142 3098 ves-

115 3151 212 3222 tibus
232 3174 336 3244 aeger
354 3162 417 3220 ant
441 3163 565 3234 exuat,
592 3153 621 3222 si
641 3152 788 3221 indutus
811 3162 882 3232 est,
908 3165 972 3222 aut
992 3153 1140 3235 induat,

117 3277 146 3346 si
169 3277 283 3368 posita
308 3285 408 3344 veste
435 3275 553 3344 nudus
575 3287 650 3356 est,
676 3275 737 3344 sed
766 3275 898 3344 siccato
925 3285 1008 3342 onte
1034 3276 1141 3350 utris,-

112 3424 183 3496 qne
209 3421 371 3492 corpore,
396 3421 502 3490 quam
520 3398 565 3467 dc
583 3399 678 3467 lecto
701 3410 855 3490 surgant.
891 3397 958 3470 Ubi
969 3397 1046 3490 jam
1067 3423 1143 3469 sur·

114 3524 267 3602 rexerit,
304 3522 423 3590 statim
454 3525 491 3591 in
518 3535 679 3618 apertum
711 3528 831 3592 aerem
864 3520 1006 3614 prodire
1032 3545 1141 3604 eum,

116 3657 235 3718 tutum
252 3669 324 3715 non
347 3657 411 3718 cst.
458 3645 546 3717 Nam
566 3645 775 3717 exhaustum
795 3657 833 3715 ct
854 3669 977 3718 ,rarum
996 3669 1141 3737 corpus,

116 3774 144 3844 si
171 3772 336 3864 subitus.
366 3769 515 3863 frigidus
546 3782 583 3840 et
609 3770 770 3842 insuetus
792 3777 853 3844 abr
876 3768 1052 3860 excipiat,
1077 3771 1142 3842 im·

114 3897 248 3994 pendio
267 3906 429 3964 naturam
448 3894 543 3987 cogit
563 3906 599 3964 et
618 3894 830 3973 liberaliori,
854 3911 961 3986 quam
985 3914 1049 3984 ,par
1070 3905 1143 3975 est,

114 4022 188 4093 alvi
214 4018 372 4090 fluxione
404 4019 514 4091 vitam
544 4041 647 4111 saepe
680 4016 770 4086 finit.
819 4015 865 4085 Id
894 4015 991 4108 quod
1023 4018 1146 4091 multis
1230 4123 1231 4128 ἵ

941 4134 961 4194 7
