2900 4874
496 377 655 442 Molis
705 375 974 442 NIGER..
1177 381 1231 440 lter

178 556 482 654 symptomatihus
519 571 628 654 etqua
664 560 852 632 atrocitate
894 568 1043 630 mortem
1078 559 1214 656 nigram

182 681 471 756 aemulabantur.
507 681 562 754 lle
579 683 756 776 epidemia
772 706 804 754 c.
819 681 909 756 1361
937 681 1123 756 lluarroar
1150 709 1217 758 no·

182 808 284 878 tavit
299 805 394 878 inter
411 806 503 878 mala
520 807 618 899 signa
636 805 977 899 sputumsangninis
997 805 1097 888 etde
1113 819 1217 900 peste

184 928 336 1002 21382
361 931 531 1023 originem
557 941 596 1002 et
618 929 842 1022 aetiologiam
870 929 1108 1024 perstringens
1128 932 1217 1002 scri·

185 1051 268 1123 bit:
301 1071 388 1125 »ex
411 1064 540 1126 neutra
559 1076 700 1135 caussa,
723 1075 792 1126 nec
818 1051 980 1136 aliunde,
1003 1075 1111 1150 quam
1130 1075 1217 1126 eon·

186 1179 333 1272 tagione
348 1175 442 1248 melo
459 1188 673 1250 transeunte.
777 1241 779 1248 .

474 1392 933 1458 CONSECTARIA.

237 1603 269 1676 Ι.
305 1603 445 1697 Duplex
465 1589 536 1674 luit
548 1603 672 1675 mortis
686 1603 807 1700 nigrae
828 1603 1060 1702 principium:
1086 1607 1217 1702 pestis}

310 1727 385 1799 sive
400 1726 492 1798 tues
520 1727 719 1820 inguinaria
747 1730 898 1801 alterum
911 1780 921 1815 ,
960 1729 1110 1800 alterum
1132 1753 1216 1824 gan-

313 1875 442 1943 graena
461 1851 679 1946 pulmonum.

221 1973 277 2046 II.
312 1973 462 2046 Caussae
491 1975 587 2044 illius
607 1975 744 2070 positae
774 1973 943 2048 videntur
965 1997 1047 2046 eum
1075 1975 1115 2046 in
1141 1973 1218 2048 vita

311 2097 450 2190 generis
479 2093 627 2169 humani
656 2100 887 2181 hac‘aetatc,
911 2112 988 2170 tum
1017 2097 1055 2169 in
1081 2101 1216 2193 magnis

310 2221 406 2292 orbis
444 2223 580 2296 telluris
613 2234 722 2320 atque
758 2223 1023 2319 atmosphaerae
1047 2225 1216 2298 mutatio-⁴

309 2345 426 2417 nibus.
516 2358 520 2366 ’
742 2351 748 2360 ’

189 2469 267 2544 ΙΙΙ.
307 2469 480 2562 Sequelae
500 2481 572 2542 tem
595 2471 762 2554 morales,
786 2477 893 2567 quain
919 2468 1085 2565 physicae
1116 2467 1217 2542 lucre

312 2591 555 2686 gravissimae,
591 2608 634 2668 ut
660 2619 724 2689 per
757 2594 851 2666 hanc
883 2594 1093 2688 epidemiam
1125 2605 1216 2666 tam·

310 2738 417 2810 quam
441 2717 487 2787 ad
507 2741 633 2789 novam
654 2719 766 2791 vitun
789 2720 1024 2789 instauratum
1052 2717 1216 2789 videatur

311 2864 422 2934 genus
455 2837 668 2926 humanum
697 2854 761 2914 aut
787 2843 921 2937 potius¹
937 2866 1029 2914 nove
1058 2855 1135 2914 orte
1170 2843 1217 2914 sit

313 2962 409 3038 uitae
425 2987 506 3036 cum
520 2963 709 3062 physicae,
734 2975 812 3040 tum
830 2963 1020 3062 psychicae
1045 2963 1210 3063 epocha

580 3239 836 3263 *CRM

370 3421 618 3488 cnoant
668 3415 1046 3487 B'Ptttnntct.

239 3663 318 3736 Non
335 3661 466 3740 ita-din
482 3672 581 3759 post,
604 3661 730 3735 eodem
748 3661 822 3733 scil.
847 3663 967 3733 seculo
975 3661 1079 3746 xlv,
1102 3687 1213 3760 qurum

188 3811 214 3859 e
231 3798 287 3857 tot
305 3789 483 3884 tantisque
500 3787 600 3859 malis
616 3787 774 3859 nondum
788 3797 978 3858 emerserat
988 3809 1099 3877 genus
1118 3811 1212 3862 mor·

186 3909 335 3992 talium,
364 3935 457 3983 nova
486 3912 640 4018 exsurgit
678 3909 885 4004 prnrdeniioe
913 3910 1068 4002 species,
1099 3915 1213 3986 sancti

185 4032 365 4110 lobannis
392 4047 455 4108 snt
473 4034 589 4110 sancti
610 4034 687 4110 Viti
715 4034 880 4107 choream
907 4046 1037 4109 vocant
1065 4035 1212 4110 morbis·
