2834 4874
268 397 309 464 98
550 395 711 458 SUDOR
753 391 1028 460 tremens?

272 580 376 675 apud·
398 585 462 648 n'cs
489 573 672 659 ‘evenisse,
705 571 776 648 'usu
795 591 1031 672 compertum
1059 588 1123 647 est.
1173 567 1304 670 Quam2

271 705 414 783 obrem,
438 723 484 772 nc
505 723 543 772 se
563 713 687 796 aperto
708 703 786 774 aeri
804 705 1010 772 committet:
1021 691 1126 796 aeger
1149 714 1232 772 ente
1250 727 1302 772 se-

273 827 449 905 eundum,
474 837 538 896 eut
562 825 709 897 tertium
729 826 841 907 diem,
866 841 1014 908 moneo,
1038 849 1157 920 neque
1180 827 1214 895 ei
1233 829 1304 898 nisi

272 973 396 1023 sereno
418 963 453 1018 et
475 951 698 1045 tranquillo.’'
1295 959 1298 964 '

274 1093 306 1144 c
332 1075 431 1156 Haec
459 1072 520 1144 dc·
534 1073 724 1168 ephemera
751 1071 981 1142 brittannica·
999 1073 1157 1143 breviter
1194 1075 1303 1144 relate

272 1198 468 1278 sufficient,
494 1211 537 1268 ut
560 1199 675 1292 qualis
700 1197 845 1268 tandem
873 1193 984 1272 fuerit
1008 1196 1123 1266 morbi
1146 1199 1304 1290 species,

272 1323 542 1416 cognosceretis.
591 1322 698 1391 Hisce
728 1319 992 1413 subjiciendum
1018 1333 1091 1401 est,
1118 1333 1305 1392 auctorum

270 1447 318 1515 de
339 1445 455 1514 morbi
475 1454 604 1514 nature
624 1443 814 1536 judicium.

193 1609 199 1630 ι
269 1561 297 1615 ·’
320 1559 448 1643 Utrum
469 1569 513 1637 ed
538 1567 728 1648 humores,
754 1588 800 1636 en
819 1567 865 1638 ed
888 1568 1033 1662 spiritus
1054 1569 1199 1640 vitiatos
1222 1559 1307 1663 pr02

271 1693 401 1773 rimnm
419 1691 534 1766 morbi
551 1713 711 1762 caussam
729 1691 922 1775 referrent,
947 1693 1222 1786 disputaverunt
1246 1705 1306 1768 aei

270 1809 524 1910 quales,'quie
550 1829 587 1886 e't
602 1816 743 1908 sanguis
760 1827 798 1886 et
822 1816 925 1884 nervi
945 1815 1161 1887 ridebantur
1182 1841 1308 1912 aegro·

271 1951 370 2010 scre:
403 1963 476 2033 qno
499 1963 605 2010 sensu
636 1939 772 2016 febrem
802 1939 1061 2012 rheumaticnm
1096 1964 1176 2011 cum
1206 1944 1308 2036 gravi

270 2083 465 2133 nervorum
496 2062 708 2157 intemperie
737 2061 879 2134 vocarit
902 2051 1017 2158 nriper
1039 2065 1227 2136 necemus
1251 2077 1308 2136 at·

272 2208 345 2280 qne
366 2185 640 2268 animadvertit,
670 2186 795 2256 eodem
819 2198 979 2290 tempore
997 2188 1169 2282 reliquam
1192 2189 1310 2260 Euro-

208 2295 218 2366 ,'
271 2332 357 2402 pem
385 2303 588 2381 devastasse
622 2311 770 2404 typhum
794 2310 1030 2402 petechiefem
1055 2313 1197 2407 hocque
1229 2326 1306 2386 toto

272 2425 434 2526 tempore
457 2435 568 2502 cutim
599 2421 818 2527 'aegrotessm
843 2457 1006 2525 regnasse
1027 2447 1147 2508 autem
1176 2438 1309 2509 consti-

274 2557 451 2626 tutionem
469 2555 739 2625 rheumaticem:
764 2557 926 2626 ultimam
940 2558 1152 2648 epidemiem
1168 2563 1302 2632 a.1551

273 2675 385 2774 'tnagis
403 2681 443 2751 in
461 2678 644 2772 typhosem
668 2679 776 2750 fuisse
796 2681 999 2772 proclivem.
1038 2682 1202 2774 Denique
1224 2709 1305 2754 curn

271 2803 354 2873 eliis
383 2801 514 2898 morbis
546 2802 751 2895 epidemicis
780 2816 852 2872 tam
875 2802 998 2874 morbo
1024 2805 1187 2876 cardiaco
1207 2817 1306 2874 vete-

272 2948 375 3007 rum,
419 2949 525 3022 qnam
564 2925 750 3019 epidsmiis
782 2927 995 3022 picardiensi
1022 2942 1059 2999 et
1094 2929 1306 3021 rottingcnsi

269 3050 433 3122 eonferts
467 3071 620 3144 quorum
646 3050 742 3143 pricr
775 3049 977 3134 crthritidi,
1003 3075 1110 3145 quam
1141 3053 1304 3123 rheuma·
1348 3073 1360 3094 .

271 3176 401 3255 cismo,
427 3174 516 3244 alter
538 3173 667 3243 miliari
690 3174 783 3246 febri
796 3183 798 3190 '
811 3175 975 3258 similior,
1002 3180 1130 3248 tertius
1147 3173 1304 3270 denique

267 3299 407 3370 sudori
425 3297 561 3391 anglico
580 3296 776 3367 simillimus
800 3298 835 3367 ei
854 3297 1017 3369 hebetur.

269 3453 279 3465 ·’
324 3424 384 3494 Ab
405 3425 575 3496 Hscnsno
594 3420 645 3490 ite
667 3420 835 3491 dissentit
849 3423 1049 3505 Hnsssnns,
1076 3435 1117 3493 ut
1141 3425 1305 3512 sudorem

271 3549 452 3640 anglicum
478 3545 666 3618 transitum
691 3543 807 3614 fecere
837 3524 1043 3636 opineture
1071 3547 1179 3640 typho
1203 3558 1306 3638 pete-

272 3670 385 3747 chisti
409 3668 455 3740 cd
474 3668 609 3738 febrem
631 3668 822 3758 milierem,
849 3669 941 3740 hene
960 3683 1080 3742 entem
1097 3671 1206 3764 ipsam
1227 3692 1304 3738 esse

271 3792 370 3886 ir'spns
386 3815 572 3888 processus
598 3792 831 3872 rheumatici,
866 3779 969 3885 cujns
995 3818 1120 3888 magne
1142 3805 1196 3863 est
1221 3815 1303 3861 curn

270 3917 489 3990 membranis
518 3917 679 3996 fibrosis‚
714 3916 830 3985 cordis
856 3920 1046 4010 praecipue
1074 3928 1111 3986 et
1139 3937 1303 3988 rasorum

268 4041 465 4116 tadfinitas:
491 4027 588 4116 unde
617 4043 842 4135 superstitem
866 4065 887 4110 a
910 4043 1032 4114 morbo
1054 4042 1169 4113 cordis
1191 4041 1305 4136 palpi·
