2872 4870
292 399 352 462 156
376 413 379 422 ’
549 394 671 456 troam
699 394 834 454 BELGII
863 395 1076 460 uelutillut:

297 583 406 654 etiam
433 588 510 649 toto
547 577 608 646 illo
638 573 857 649 1111111637.
892 578 1077 648 maximam
1108 579 1315 670 tyrannidem
1400 609 1401 622 ¹

287 704 461 777 ‘exeruit
488 711 527 770 et
550 711 694 793 praeter
718 700 907 782 aliniaco,
931 703 971 771 in
996 703 1132 772 diocesi
1160 705 1316 797 ultrajee·

296 831 414 907 tonsi,
439 825 581 896 choram
608 825 697 897 milri
729 825 879 917 patriam
903 825 1140 896 llorrtiurtum
1159 829 1317 921 oppidum

297 964 485 1044 totumque
521 951 740 1021 territorium
778 949 1040 1021 montfartense
1076 949 1166 1039 adeo
1201 953 1317 1020 misere

296 1074 446 1156 affluit.
479 1086 522 1144 ut
550 1076 608 1145 vir
641 1075 789 1145 dimidia
818 1075 1015 1144 ineolorum
1040 1097 1120 1167 pars
1152 1087 1318 1168 superstes
1398 1041 1401 1098 ⁷

295 1199 546 1272 remanserit.⁴

298 1323 312 1384 ί
344 1320 653 1417 Quemadmodum
678 1319 914 1394 1111111635.
940 1331 1077 1394 aestate
1097 1335 1135 1394 et
1156 1335 1317 1394 autumno

294 1446 456 1520 maximis
490 1446 582 1516 sitris
612 1444 812 1516 fervoribus
845 1444 1062 1528 excellebat,
1092 1448 1145 1516 ita
1178 1471 1318 1542 sequens

295 1567 541 1644 1111111636.
576 1591 648 1639 non
682 1569 813 1672 minori
857 1568 1004 1640 terroris
1044 1570 1272 1644 vehementia
1301 1593 1319 1638 a

295 1701 380 1768 'vere
411 1719 527 1791 usque
563 1692 607 1763 ad
643 1685 816 1786 hyemem'
843 1691 1081 1786 perdurante,
1117 1667 1319 1764 anteceden-

238 1799 242 1812 '
296 1833 369 1891 tom
408 1841 541 1892 annum
580 1817 731 1910 excepit.
789 1815 900 1886 Venti
937 1838 959 1883 1
998 1836 1083 1886 rere
1124 1841 1240 1911 usque
1281 1816 1320 1885 ad

293 1946 458 2041 hyemem
496 1942 572 2014 iere
610 1963 747 2034 semper
780 1938 1051 2019 meridionales,
1086 1941 1145 2011 vel
1185 1940 1320 2034 zephyri

295 2081 412 2149 orent,
440 2087 522 2140 oum
543 2065 680 2158 magnis
698 2065 791 2134 aeris
815 2063 1063 2157 squalloribus.
1111 2063 1172 2136 Ad
1201 2065 1288 2134 hoed
1303 2085 1320 2132 1
1372 2045 1377 2072 ’

292 2213 342 2266 m.
362 2190 490 2265 Martio
510 2213 624 2284 usque
645 2187 815 2258 adfinem
840 2185 998 2280 Augusti
1017 2190 1211 2260 eontinuee
1230 2198 1321 2260 eraut

167 2347 171 2358 ·
282 2319 495 2403 siccitates,
516 2313 641 2409 quales
673 2312 731 2383 aix
760 2334 929 2405 umquam
957 2323 1062 2384 anteo
1087 2325 1161 2384 tem
1192 2313 1320 2386 diutur-

293 2459 362 2514 nae
391 2442 488 2512 rime
519 2435 687 2506 fuerant:
711 2459 804 2528 quae
829 2436 947 2504 omnio
972 2437 1057 2506 anni
1079 2434 1320 2529 praecedentis

292 2565 386 2637 malo
418 2562 608 2658 plurimum
644 2559 896 2634 adauxerunt.”
954 2560 1136 2630 Hactenus
1167 2560 1320 2632 Dimu-

293 2683 448 2768 mosen,
463 2687 526 2780 qui
543 2699 742 2778 eoquoque
754 2681 897 2752 nomine
916 2683 1116 2754 laudandus
1133 2695 1209 2764 est,
1234 2681 1321 2779 qued

292 2805 485 2908 diligenter
509 2805 712 2880 distinxerit
732 2807 826 2874 inter
841 2806 976 2877 labrem
996 2817 1034 2878 et
1051 2785 1207 2901 pestem,
1226 2829 1321 2877 usum

293 2937 524 3034 purgantium
545 2929 767 3002 damnaverit
791 2951 981 3023 veramque
1012 2930 1123 3022 pestis
1149 2933 1320 3026 euraudae

291 3056 504 3140 methodum
525 3057 572 3126 ab
598 3055 675 3148 ipsa
702 3050 817 3122 morbi
841 3065 969 3123 natura
992 3056 1226 3148 repetendam
1253 3075 1321 3128 esse

292 3187 463 3262 tl'nouerit
481 3178 812 3270 iudicatiouumque
838 3176 1038 3248 doctrinam
1059 3179 1280 3250 instruxerit.

343 3313 451 3386 Amo
469 3303 559 3380 1667
578 3313 616 3373 et
636 3287 738 3372 1669.
765 3299 874 3392 Lngd.
901 3301 1023 3372 Batou.
1047 3314 1239 3395 regnantes
1255 3326 1320 3374 ma·

292 3438 387 3508 xime
405 3431 523 3502 febres
539 3425 819 3498 intermittentes
836 3425 1071 3520 ejusdemque
1089 3427 1229 3519 generis
1248 3425 1320 3496 sub

291 3541 485 3630 eontinuas
510 3553 642 3645 scripto
671 3548 894 3641 consignavit
925 3553 1071 3624 8111111
1096 3571 1144 3622 ne
1163 3570 1208 3624 11
1232 3551 1317 3627 Boe,

290 3693 374 3779 port
397 3690 549 3752 aestates
568 3673 725 3746 servidas
754 3677 886 3754 nenos,
911 3676 1180 3770 quamplurimis
1208 3673 1317 3770 perni·

291 3808 426 3885 oiosas,
451 3809 672 3872 mueo'sarum
701 3797 911 3890 erysipelate
942 3799 1139 3893 aphthoso,
1162 3800 1319 3894 dysente-

265 3905 271 3919 ⁸
291 3935 369 4004 rioo
387 3927 596 4020 oerebrique
613 3923 829 4017 aegrotantis
852 3924 1145 4015 symptomatibus
1169 3917 1317 4015 insignes

286 4053 476 4147 eoidisque
499 4045 974 4144 vegetabilibuslenioribus
999 4047 1045 4117 ab
1071 4048 1148 4140 ipso
1172 4055 1316 4150 eurotas
