2834 4874
256 353 313 414 152
532 348 1000 424 lllTERllllTENTES.

256 530 376 618 rurllus
408 530 478 600 nisi
494 542 577 599 ,arte
606 539 750 623 paratus
778 525 948 617 prodiret.
982 528 1081 596 vSitis
1107 528 1289 622 plerisque

147 681 149 687 ⁴
256 651 328 722 l'uit
342 653 514 738 molesta,
538 655 660 748 lingna
683 650 804 720 multis
830 649 944 732 arida,
968 673 1042 720 non
1063 653 1185 743 paucis
1204 677 1287 724 eru·

257 786 390 870 parunt
405 775 582 869 aphtbae,
608 750 735 870 canitis
753 773 853 844 dolor
871 774 909 842 in
927 775 1049 844 multis
1068 777 1137 845 luit
1150 780 1286 868 gravis,

256 921 365 993 quem
397 899 458 966 alii
487 891 697 992 neutiquam
730 907 927 971 senserunt.
983 895 1135 987 Vigiliae
1164 902 1289 974 multis

255 1024 447 1103 molestae,
471 1026 594 1116 paucis
624 1045 766 1093 somnus
796 1032 859 1092 aut
885 1021 1127 1092 somnolentia.
1175 1024 1286 1096 Dolor

254 1147 295 1230 in
316 1147 459 1240 regione
480 1145 631 1216 lumbari
651 1145 772 1216 multis
796 1142 866 1214 tuit
894 1144 1137 1236 gravissimus,
1162 1151 1286 1241 pausis

205 1307 209 1318 ·
254 1270 384 1354 nullus.
433 1269 517 1340 Alri
538 1268 769 1338 adstrictione
783 1267 990 1338 laborarunt
1008 1268 1118 1361 aliqui
1139 1281 1177 1342 et
1206 1271 1286 1364 ejus

254 1391 355 1488 lluxu
369 1415 486 1488 eoque
505 1393 603 1464 vario
621 1393 700 1462 alii:
725 1391 816 1462 adeo
836 1402 878 1462 ut
897 1391 1008 1483 aliqui
1030 1393 1138 1464 etiam
1159 1392 1284 1488 dysen-

253 1518 346 1596 teria
364 1515 568 1586 laborarint.
616 1513 748 1588 Urinae
764 1514 918 1596 luerunt,
933 1517 1068 1596 variae,
1094 1517 1133 1586 in
1160 1519 1283 1610 pleris-

253 1663 330 1733 que
348 1631 591 1720 rubicundae,
615 1639 805 1733 aliquando
831 1637 966 1718 elarae,
992 1639 1184 1733 aliquando
1202 1663 1282 1712 eum

252 1765 338 1838 satis
365 1764 478 1834 multo
502 1762 719 1842 sedimento,
744 1774 785 1832 ut
804 1759 842 1831 et
865 1759 1040 1832 turbidae.
1089 1763 1220 1836 Pulsus
1245 1765 1291 1836 in.

254 1886 418 1964 omnibus
443 1884 664 1979 frequentior
689 1898 725 1955 et
746 1886 786 1954 in
810 1884 930 1954 multis
951 1888 1037 1968 satis
1055 1886 1222 1961 robustus
1245 1899 1282 1958 et

250 2033 413 2102 magnus,
440 2008 480 2092 in
505 2009 583 2078 aliis
606 2018 729 2079 eontra
758 2006 910 2076 debilior
936 2018 973 2076 et
995 2010 1117 2088 minor.
1166 2013 1280 2082 Pauci

251 2155 295 2214 ex
320 2131 389 2202 hou
414 2131 547 2204 affeetu
572 2134 774 2225 perierunt,
802 2133 961 2223 plerique
985 2145 1101 2202 tamen
1116 2133 1193 2204 -diu
1220 2159 1279 2204 eo-

251 2257 334 2355 dem
358 2255 505 2326 fuerunt
537 2257 654 2326 vexati
679 2267 716 2326 et
745 2254 886 2346 segnius
910 2255 1033 2324 curati.
1083 2255 1281 2330 Obserravi

250 2389 371 2462 autem
396 2380 436 2448 in
458 2379 636 2472 plerisque
662 2379 796 2473 cepisse
824 2376 917 2446 hane
944 2375 1077 2446 febrem
1105 2379 1279 2472 epidemi-

250 2527 325 2584 earn
346 2527 369 2572 a
385 2503 537 2575 tertiana
550 2502 728 2597 simplice,
747 2525 838 2597 quae
854 2499 1054 2592 paulopost
1070 2515 1211 2586 mutata
1222 2514 1276 2574 est

246 2629 285 2707 in
305 2625 504 2718 duplicem3
529 2638 637 2722 atque
661 2625 700 2696 in
720 2623 897 2719 principio
926 2623 1071 2717 quidem
1092 2625 1130 2694 in
1152 2627 1277 2720 pleris-

247 2775 319 2845 que
338 2773 559 2844 paroxysmos
581 2748 689 2819 luisse
710 2759 787 2818 tum
806 2750 976 2828 leviores,
1001 2758 1078 2816 turn
1095 2748 1275 2824 breviores.

247 2899 290 2948 ae
316 2874 444 2944 sensim
471 2872 630 2946 redditos
649 2883 725 2942 tum
753 2873 950 2964 graviores,
977 2881 1053 2940 tum
1074 2870 1273 2966 longiorem

247 2999 337 3078 adeo
360 3011 402 3068 ut
430 2995 572 3068 tandem
608 2994 778 3066 eontinue
807 2997 902 3087 aegri
929 2994 1132 3064 laborarent
1154 2995 1271 3074 febre,
1302 3067 1305 3076 ,

244 3121 407 3218 quamvis
433 3143 506 3193 non
524 3130 646 3213 putem
674 3115 846 3190 dicendos
870 3115 953 3188 ideo
975 3116 1151 3188 laborasse
1174 3116 1270 3190 febre

243 3247 424 3322 continua.
533 3319 535 3326 s
609 3309 613 3318 ,

255 3421 259 3428 .
293 3368 415 3467 Febris
448 3367 557 3456 igitur
582 3366 799 3462 epidemiea,
824 3389 916 3460 quae
939 3365 1008 3439 hoe
1028 3377 1184 3462 tempore
1206 3385 1270 3436 nos

244 3489 389 3572 afflixit,
414 3492 654 3562 intermittens
671 3491 761 3571 tuit,
783 3500 821 3558 et
842 3488 988 3580 quidem
1015 3490 1167 3562 tertiana
1195 3503 1267 3570 tum

245 3617 390 3708 simplex
408 3626 483 3686 tum
505 3615 645 3706 duplex.
696 3614 810 3704 Quam
832 3636 916 3682 vero
943 3611 982 3682 in
1010 3617 1187 3700 nonnullis
1207 3613 1266 3684 ob·

245 3740 384 3818 servavi
416 3740 643 3817 continuam,
669 3759 746 3806 eam
771 3759 842 3806 non
866 3735 1088 3830 primariam,
1122 3738 1185 3810 sed
1215 3759 1265 3805 se-

243 3859 449 3936 eundariam
466 3863 657 3941 duntaxat,
682 3860 752 3930 hoo
772 3871 888 3937 estex
909 3859 1144 3952 praecedente
1161 3834 1265 3932 inurss

242 3987 408 4062 mittente
434 3996 547 4058 ortam
571 3985 701 4068 luisse,
733 3986 927 4058 eristim0.”
976 3987 1156 4058 Hactenus
1185 3986 1264 4066 Sto,-

235 4131 325 4184 VIUS·
