2834 4874
468 397 807 448 anrnrnrx.
1090 381 1154 448 105

125 565 177 630 line
195 569 285 630 nubite
305 564 464 626 llarleanum
482 571 509 625 et
527 564 585 624 loca
602 566 690 626 vicina
708 543 793 646 usque
810 564 843 624 ad
861 584 992 625 oceanum
1007 573 1033 626 et
1046 566 1156 628 mem

125 679 157 738 ad
178 677 306 738 Zelandos
323 675 478 756 permeavit.
518 673 603 734 Istinc
618 674 742 756 propulsa
761 676 873 736 demum
893 673 926 735 ad
943 674 1061 756 Argiua,
1083 677 1156 737 uode

122 788 240 869 digressa
267 793 342 860 erat,
362 785 502 866 persenit,
523 785 648 846 abitum
671 803 720 863 per
739 783 840 866 aliquot
857 803 942 846 annos
962 783 1036 846 sedes
1052 784 1156 866 quietas

121 895 248 957 obtinuit.

160 1003 253 1064 Sudor
277 1003 398 1084 anglicus
417 1003 468 1082 (sic
490 1001 579 1082 perpit
604 1003 723 1062 referens
753 1002 831 1066 Olea.
853 1004 971 1064 Trnrcrr
997 1024 1057 1086 paq.
1076 1004 1155 1084 198.)

122 1109 328 1172 dmstelmdami
358 1119 414 1172 tres
446 1118 494 1173 aut
525 1118 642 1192 quatuor
672 1116 778 1171 tantum
804 1111 861 1174 dies
886 1113 1052 1193 populariter
1078 1134 1156 1194 prae·
1237 1103 1241 1110 ’

122 1239 202 1293 sans,
221 1226 281 1298 post
301 1221 430 1301 quintum
450 1221 522 1281 dem
542 1221 576 1280 ad
599 1219 650 1280 alia
666 1220 723 1280 loca
743 1218 866 1282 celeriter
883 1221 1081 1296 transvolabat,
1103 1245 1155 1286 ne-

123 1348 175 1408 que
196 1329 312 1408 amplius
332 1331 362 1390 ia
381 1331 449 1390 urbe
468 1330 524 1390 risa
540 1336 588 1390 est
627 1328 689 1390 Istis
708 1330 818 1412 quidem
837 1331 937 1392 diebus
950 1353 1033 1414 qnam
1055 1334 1155 1394 crude-

123 1436 220 1500 ffime
240 1439 381 1501 saeviebat.
422 1440 459 1500 Et
476 1439 538 1499 licet
557 1438 603 1498 bio
619 1443 696 1498 atrox
719 1445 746 1498 et
764 1439 839 1501 ralde
858 1443 1023 1521 perniciosus
1040 1444 1153 1504 morbus

124 1547 261 1623 existeret,
281 1548 373 1608 miuus
398 1547 501 1608 lethalis
524 1554 601 1621 erat,
620 1549 644 1607 si
660 1554 825 1628 aegrotantas
843 1551 944 1631 absque
964 1573 1058 1613 errore
1076 1573 1154 1614 com-

123 1655 200 1718 made
225 1662 414 1716 tractarentur.
455 1655 544 1716 Facile
564 1658 638 1718 enim
654 1657 853 1737 propellebatur
872 1679 1006 1720 venenum
1023 1681 1038 1720 a
1058 1666 1153 1722 centro

122 1766 154 1827 ad
174 1766 420 1826 circumferentiam
436 1765 466 1826 in
483 1766 609 1828 omnibus
623 1787 674 1845 per
692 1767 827 1828 sudorem.

159 1876 228 1938 Erat
244 1875 325 1936 totius
341 1857 407 1935 anni
427 1877 579 1936 constitutio
594 1874 723 1949 humida,
744 1873 871 1954 pluviosa.
912 1875 988 1958 Ergo
1003 1897 1035 1937 ex
1054 1886 1152 1941 natura

121 1985 232 2048 morbus
254 1985 345 2045 minus
362 1983 481 2054 lethalis,
503 1986 525 2044 si
542 1985 578 2044 eis
596 1983 684 2044 dehita
703 2005 767 2044 cum
782 1983 897 2044 mllcrtia
912 1987 1058 2066 perspicaci
1073 1988 1152 2049 adhi-

120 2094 174 2153 bita
191 2100 277 2154 essem
298 2093 426 2156 remedia.
467 2095 570 2155 Verum
587 2094 779 2174 quamplurimi
796 2093 847 2153 hoc
864 2095 961 2154 morbo
981 2096 1078 2158 misere
1092 2099 1152 2158 suf·

119 2202 198 2265 {ocati
213 2209 279 2263 sunt
297 2204 333 2262 ob
352 2203 453 2263 libellos
470 2223 597 2264 erroneae
616 2204 645 2263 in
662 2204 758 2283 vulgus
775 2201 889 2262 emissos.

159 2312 308 2391 incipiebat
333 2319 423 2373 autem
447 2313 512 2374 haee
527 2313 610 2372 febris
631 2313 808 2392 utplurimum
829 2331 892 2373 cum
912 2313 1043 2388 horrore,
1061 2323 1087 2376 et
1103 2335 1152 2377 su·

119 2421 184 2486 dore
198 2423 415 2496 terminabatur,
444 2429 471 2483 ct
490 2442 545 2483 nno
561 2422 604 2482 die
621 2424 715 2494 cmsit,
736 2423 793 2482 imo
810 2443 874 2481 raro
895 2422 933 2484 24
952 2422 1030 2483 horas
1052 2426 1152 2484 transi-

118 2530 182 2594 tat:
212 2536 239 2591 et
265 2538 407 2612 propterea
436 2532 546 2614 qnidam
574 2509 731 2594 dubitabant
752 2532 921 2612 ephemerum
951 2552 1020 2605 esee,
1050 2533 1095 2592 sed
1116 2535 1152 2594 ab

118 2641 245 2706 omnibus
273 2641 503 2718 praestantissimis
531 2641 683 2724 quibusque
721 2641 829 2702 medicis
854 2640 1061 2702 determinatum
1091 2647 1147 2714 est,

117 2749 285 2834 pestilentem
304 2750 440 2828 putridam
459 2751 545 2812 fuisse.
707 2831 709 2836 Ι

159 2857 248 2916 Causa
265 2857 421 2918 uniuersalis
443 2860 494 2918 fuit
519 2859 591 2919 atris
617 2860 757 2939 corruptio
773 2866 799 2919 et
815 2858 982 2938 particularis
999 2859 1064 2918 enni
1083 2878 1151 2918 con·

119 2966 223 3026 stitutio
248 2967 409 3045 praecedens
431 2968 556 3043 humida,
584 2969 648 3030 hinc
673 2971 776 3030 febrem
801 2967 884 3028 sudor
904 2968 1027 3042 liniebat,
1048 2976 1106 3047 post
1123 2987 1151 3029 se

119 3075 276 3157 relinquens
298 3077 328 3136 in
347 3077 558 3138 extremitatibus
577 3079 696 3157 corporis
722 3078 840 3158 pustulas
863 3097 977 3158 pareas,
1006 3077 1151 3138 admodum

118 3190 321 3264 exasperantes,
341 3185 459 3246 diversas
479 3192 506 3245 et
520 3186 649 3265 malignas
665 3187 813 3247 secundum
830 3186 978 3246 humorum
1000 3185 1154 3268 malignita-

118 3302 187 3356 tem.
226 3294 351 3376 Corpora
366 3295 400 3355 ad
419 3295 588 3374 putredinem
605 3295 729 3374 disposita
746 3303 772 3356 ct
791 3303 883 3376 parata
901 3297 985 3376 magia
1001 3296 1153 3362 mercham,

118 3409 176 3474 tur.
217 3404 297 3485 Quod
314 3405 349 3466 ad
368 3406 535 3470 curationem
555 3406 665 3479 attinet,
688 3412 714 3465 et
734 3426 815 3468 eccae
838 3406 983 3468 sectionem
1001 3412 1027 3468 et
1049 3426 1153 3487 purga·

119 3513 222 3580 tionem
240 3514 275 3573 ab
292 3514 370 3578 initio
393 3516 482 3579 statim
503 3515 659 3590 adhibebat,
680 3515 726 3580 sed
742 3521 936 3596 prorumpente
953 3515 1049 3575 sudore
1070 3515 1154 3576 abiis

119 3623 283 3697 abstinebat,
306 3643 341 3686 ne
360 3631 466 3686 motum
486 3627 575 3704 morbi
596 3627 737 3708 impediret
755 3633 781 3686 et
797 3647 893 3712 magna
912 3644 976 3685 oum
995 3623 1071 3684 laude
1091 3629 1153 3686 ute
1200 3673 1203 3678 .

54 3771 58 3782 ·
118 3729 201 3796 tatur
220 3731 329 3814 potione
348 3734 493 3807 bordeata,
511 3733 691 3813 diaphoretica
710 3735 860 3818 leniterque
883 3734 1013 3795 cardiace.

169 3842 274 3911 Parum
300 3842 471 3904 calidioribus
498 3850 524 3903 et
542 3845 697 3904 sudonicris
725 3827 851 3904 utebatur
879 3843 986 3904 Tertius
1005 3842 1154 3905 Damianos
1229 3865 1232 3870 ·

117 3949 278 4012 Vissenacus
296 3951 422 4013 medicus.
458 3953 539 4036 angli
558 3973 623 4014 uero
642 3951 722 4012 nullis
742 3951 799 4011 aliis
818 3950 1017 4012 medicamentis
1038 3958 1155 4013 utuntur

117 4059 244 4124 adversus
263 4063 332 4123 hano
352 4065 475 4138 labrem,
498 4081 579 4145 quam
607 4061 797 4141 exspectatione
822 4061 944 4137 sudoris,
972 4081 1035 4123 nam
1059 4062 1157 4143 quihus
