2900 4874
197 351 266 416 SUB
289 349 444 415 leBUlll
467 347 629 412 notttttto
651 346 774 426 QUtLtt
793 349 907 412 trouu
927 349 1122 416 INGEMUM.
1165 355 1204 419 id

179 529 394 608 Graecorum
421 529 537 624 iisque
564 529 772 604 successisse
797 529 933 601 leniora
956 533 1200 626 ecccproticn‚

177 655 443 747 refrigerantia:
469 675 512 722 ex
542 653 780 736 Tamarindia,
805 653 943 734 Cassia.
967 655 1113 736 canna,
1138 668 1202 730 aut

136 801 139 809 ’
177 789 359 858 onomata,
384 786 535 870 atquae
561 777 889 862 venaeseetionibus
916 753 1048 872 parissi
1066 779 1200 852 alienos

176 901 287 995 magia
325 900 434 972 luisse
469 901 629 972 Arabum
666 902 845 982 medicos,
878 901 1036 996 denique
1074 903 1202 976 crebro

176 1025 339 1119 (laphura
356 1035 394 1094 et
415 1023 559 1098 Moscho
577 1049 659 1097 usos
677 1049 774 1106 ease,
800 1025 1027 1118 conjicimus,
1060 1029 1200 1100 morbos

177 1151 293 1226 miuus
313 1147 559 1242 phlogiatioca,
583 1149 693 1242 magis
714 1159 836 1220 contra
852 1171 1018 1220 nervosus
1041 1148 1201 1226 Arabum

175 1285 336 1367 tempore
366 1269 445 1344 fieri
477 1272 656 1366 coepisse:
688 1271 784 1365 quod
814 1276 956 1365 genium
984 1271 1201 1366 opideminm
1251 1335 1256 1342 .

175 1396 255 1496 aeri
282 1393 398 1466 medii
416 1394 616 1472 adnuntiat.
664 1395 856 1470 Praeterea
875 1397 1016 1468 diaetae
1043 1409 1082 1468 ot
1099 1397 1203 1492 hygi-

174 1520 273 1598 einoa
299 1509 404 1601 cura,
438 1543 531 1612 quae
559 1542 696 1614 semper
722 1518 957 1592 Orientalium
985 1518 1120 1604 luerat,
1146 1524 1202 1598 es·

176 1643 287 1725 iecit.
311 1655 354 1716 ut
380 1643 540 1714 Arabum
564 1641 741 1716 medicina
760 1654 853 1714 esset
872 1643 908 1712 iu
929 1641 1026 1714 hunc
1049 1646 1201 1722 maximo

173 1766 284 1842 finem
316 1765 453 1838 directa
488 1766 690 1858 variamque
729 1765 1002 1870 amplecteretur
1040 1779 1202 1844 aetatum

173 1911 394 1981 sexuumque
426 1911 506 1960 oum
534 1887 801 1969 educationem,
831 1899 907 1960 tum
937 1891 1110 1962 rationem
1144 1895 1199 1964 vi.

72 2035 75 2048 ’
172 2014 283 2087 rendi
307 2013 354 2086 ad
379 2014 562 2108 ipsamque
591 2035 629 2084 se
652 2010 862 2084 extenderet
889 2013 1102 2086 medicinam
1124 2041 1199 2088 cos·

170 2140 357 2217 meticam,
381 2158 475 2230 quae
492 2137 610 2230 leprae
627 2136 735 2206 etiam
756 2135 1011 2220 occultandae,
1037 2162 1080 2212 ex
1101 2141 1198 2234 inge-

170 2263 273 2335 niosa
290 2261 470 2335 ttsssmm
496 2260 765 2342 observatione.
789 2271 866 2332 erat
885 2260 1015 2333 dicata.

217 2385 383 2476 Singulas
401 2384 606 2478 disciplinas
623 2383 778 2460 medicus
798 2383 843 2455 ad
865 2383 977 2478 hujus
1004 2387 1120 2480 gentis
1143 2388 1197 2460 iu„

170 2509 291 2588 dolam
318 2507 428 2581 luisse
451 2519 727 2588 nanamutaus,
750 2506 944 2580 ostendunt
971 2514 1196 2602 prognostico

169 2632 451 2708 insemeioticen
472 2631 667 2729 etquidem
687 2630 983 2726 sphygmologiam
999 2647 1037 2706 et
1053 2659 1199 2718 uroscoe

168 2760 267 2854 piam
299 2777 489 2838 conversa,
520 2757 686 2828 materies
717 2755 858 2826 medica
879 2757 924 2826 ‚in
955 2756 1195 2849 pharmaciam

169 2882 386 2978 chymioam‚
411 2857 595 2974 artemque
613 2877 850 2951 concinnundi
869 2877 1043 2952 formulas
1056 2905 1195 2975 compo,

168 3007 255 3078 sitas
276 3030 321 3078 ea
342 3004 514 3097 graduum
533 3003 770 3076 remediorum
788 3003 911 3074 subtili
931 3005 1195 3106 computatione

166 3129 369 3225 majorique
388 3128 507 3199 studio
526 3127 677 3200 traditae
694 3127 932 3222 potentiarum
950 3139 1195 3216 externarum,

168 3255 263 3326 airis
294 3250 516 3346 potissimum
544 3250 582 3322 in
613 3252 792 3324 hominem
824 3273 948 3322 sanum
978 3261 1017 3322 et
1047 3273 1193 3344 aegrum

168 3375 281 3478 vires,
298 3395 378 3446 'non
405 3375 569 3468 neglecta
589 3375 899 3449 constellationum
922 3374 1196 3450 animadversio·

168 3523 230 3582 ue,
256 3499 412 3594 denique
430 3498 541 3572 forma
557 3499 742 3572 doctrinae
755 3498 915 3572 medicae
932 3497 1120 3572 dialectica
1138 3479 1195 3574 atss

165 3647 237 3718 quo
271 3622 482 3697 scholastica
510 3625 710 3720 partimque
744 3625 942 3719 polemicar
977 3635 1015 3693 et
1049 3621 1191 3698 scholae

166 3746 329 3819 modicae
346 3746 530 3828 conditae,
554 3747 740 3820 doctorum
759 3747 852 3821 lama
876 3759 914 3820 et
938 3746 1191 3840 discipulorum

166 3891 320 3940 numero
336 3869 582 3972 splendentem
607 3871 737 3966 quibus
757 3872 894 3942 cunctis
914 3871 993 3944 acri
1011 3872 1119 3948 medii
1136 3895 1191 3944 ra·

165 3992 219 4066 tto
247 3992 458 4068 achclmtioa
477 3994 722 4092 significator,
746 4019 837 4090 quae
863 3996 902 4069 iu
929 3994 1038 4090 hujus
1066 3997 1191 4072 aetatis
